3175 4900
531 423 580 472 DE
605 421 745 472 nnuma
769 421 942 474 Homul.

318 564 529 630 Antthaw
548 563 755 617 sannimsw
777 563 964 617 risvscsw
984 563 1115 617 matti--

512 653 552 666 ··
582 651 643 682 -νυ
673 654 715 666 ··-
745 651 806 680 -υυ
836 652 898 682 -υυ
930 653 970 668 -·

551 713 613 743 ’W
646 715 704 743 'W
736 717 796 745 W
828 719 870 729 “··

191 770 313 850 Septimi
327 772 444 851 generis
459 771 537 830 oda
550 773 581 832 3.
990 851 994 858 Δ

229 865 292 926 Lib.
309 886 332 924 1.
349 865 414 926 Ode
464 869 493 930 7.
516 865 693 928 Laudabunt
707 863 755 924 alii
769 863 880 924 claram
893 864 1034 939 Rhodon,
1045 876 1096 927 aut
1106 868 1281 949 Mitylenen.

443 963 495 1020 28.
515 961 556 1023 Te
569 962 656 1022 maris
680 970 711 1020 ct
729 970 815 1019 terras
833 977 1015 1039 numeroque
1031 966 1158 1024 carentis
1173 985 1281 1027 arene.

151 1057 154 1064 '
228 1056 324 1135 Epod.
426 1075 493 1118 xu.
514 1057 595 1126 Quid
606 1057 659 1117 tibi
669 1055 725 1129 vis,
733 1054 838 1114 mulier
849 1055 942 1134 nigris
953 1056 1128 1136 dignissima
1136 1060 1240 1121 barris.

228 1201 394 1261 Ocnsvun
415 1219 545 1262 nanus:
568 1211 602 1262 ut
627 1222 651 1261 1.
673 1200 734 1260 Oti.
756 1209 785 1262 8.
805 1219 874 1278 quan
887 1209 934 1261 est
958 1198 1080 1262 Dicoios
1095 1202 1280 1283 Distrophos.
1364 1237 1376 1252 ·

188 1296 304 1356 Primus
328 1297 454 1376 quisquo
478 1317 579 1359 versus
600 1306 647 1358 cst
668 1295 896 1374 Aristophanina
920 1296 1051 1357 Dimetcr
1070 1297 1280 1359 Acatalectus:

188 1401 356 1453 constansa
371 1393 559 1466 choriambo,
574 1403 605 1452 ct
618 1391 759 1462 Bacchio,
774 1390 836 1451 siva
849 1391 1078 1470 Amphimacm:
1100 1393 1158 1453 hoc
1172 1393 1280 1454 modo:

477 1511 704 1578 mutatu-w-
724 1525 949 1576 peromnem--

228 1623 384 1685 Secundus
400 1633 497 1684 autem
509 1623 636 1702 quisque
651 1632 697 1682 est
711 1621 935 1682 Choriambicus
950 1623 1088 1684 Alcaieus
1101 1625 1281 1688 ‘tetrameter

186 1718 377 1780 Acatalectus
389 1739 397 1778 :
411 1729 553 1778 constans
568 1717 739 1798 stpitrito
752 1716 898 1789 secundo,
913 1717 1030 1779 duobus
1042 1720 1237 1794 Choriambis,
1250 1731 1281 1782 et

187 1813 328 1886 Bacchio,
341 1815 401 1875 sive
415 1813 652 1894 Amphimachu:
669 1813 726 1872 hoc
740 1811 850 1873 modo:

234 1934 271 1984 Te
283 1936 354 1985 Deos
364 1949 380 1984 o
391 1957 468 1987 -υ--
488 1947 516 1984 so
528 1933 638 1998 Sybarin
650 1957 724 1986 w-
745 1945 792 1983 cnr
805 1945 929 1996 properea
938 1956 1014 1986 w-
1023 1932 1133 1983 amando
1142 1958 1202 1986 υ·-

494 2019 741 2114 ΨνυΞ-νυ·
773 2083 849 2111 w
879 2083 941 2111 υ·-

189 2158 293 2218 Octavi
308 2157 423 2236 generis
438 2155 504 2215 Ode
518 2156 616 2217 unica.

228 2254 291 2313 Lib.
309 2273 333 2312 1.
368 2251 435 2310 Oda
446 2254 474 2312 8.
497 2250 590 2330 Lydia
602 2250 662 2322 dic,
676 2269 729 2328 per
743 2267 856 2309 omnes.

229 2397 353 2457 Nonnu
369 2413 498 2458 uanus:
519 2403 554 2455 ut
567 2414 591 2463 .1·
608 2391 667 2451 Od.
682 2392 711 2453 9.
736 2409 805 2470 quo
823 2401 870 2451 cst
888 2389 1021 2452 Tricotos
1041 2393 1279 2475 tetrastrophos.

187 2490 277 2551 Primi
291 2493 400 2570 quique
418 2490 478 2551 duo
500 2508 603 2551 versus
628 2498 698 2547 sunt
721 2485 870 2565 Dactylici
890 2486 1004 2548 Alcaici
1025 2490 1204 2550 Acatulocti:
1230 2491 1281 2568 qui

187 2597 326 2647 constant
337 2604 374 2647 ex
389 2584 614 2647 Panthemimsri
625 2582 764 2656 iambica,
775 2582 807 2641 id
820 2592 877 2655 est,
887 2602 925 2643 cx
941 2583 1280 2665 {ambonetspondssm

188 2683 289 2743 lambo
303 2694 331 2743 st
346 2682 469 2762 syllaba,
484 2701 552 2761 quas
565 2680 672 2741 dicitnr
686 2680 828 2738 Caasura:
845 2678 954 2738 deinde
969 2698 986 2737 e
1000 2678 1118 2741 duobus
1133 2680 1281 2762 Dactylis,

187 2777 234 2837 val
248 2778 349 2837 ultimo
364 2776 590 2857 Amphimacr03
615 2776 674 2836 hoc
689 2774 798 2835 modo:

250 2888 379 2940 theso-
402 2890 513 2940 utatu-
534 2894 587 2938 ts·
611 2894 663 2938 stet
676 2888 805 2939 utve-w
826 2886 1033 2939 candidum—w

252 2951 362 3005 Souso-
383 2959 546 3009 πίθηκον-
562 2952 1025 3015 J'aia-susttnewaatoaasw

229 3062 344 3121 Tertius
359 3072 457 3121 autem
472 3062 598 3139 quisque
617 3074 663 3121 ast
682 3062 829 3119 lambiens
844 3062 1049 3120 Archssochius
1064 3062 1196 3122 Dimatar
1216 3061 1281 3141 fly-

187 3156 421 3236 percatalectus:
447 3164 588 3216 constans
602 3166 728 3235 quatuor
741 3154 885 3233 pedibus:
910 3156 1001 3232 primo
1013 3166 1043 3213 et
1056 3157 1152 3227 tertio,
1168 3158 1280 3227 lambo,

189 3251 236 3311 vei
247 3251 414 3330 Spondoeo:
430 3250 563 3312 secundo
574 3261 606 3313 et
614 3260 730 3331 quarto,
739 3248 842 3309 iambo
856 3248 1012 3321 duntaxat,
1024 3249 1132 3309 deinde
1147 3262 1282 3329 superest

189 3348 319 3427 syllabam
342 3346 399 3407 hoc
413 3346 520 3406 modo:

315 3460 401 3523 Sylva
412 3484 451 3495 --
460 3458 519 3508 taba
528 3482 567 3509 υ-
588 3462 675 3507 iantes
685 3483 725 3492 --
737 3456 797 3521 gelu
808 3479 846 3507 υ-
868 3468 919 3521 que
928 3481 951 3507 υ

229 3570 359 3639 Quartus
377 3580 475 3631 autem
499 3570 626 3650 quisque
646 3579 693 3631 ast
714 3568 887 3648 Dactylicus
909 3568 1049 3630 Alcaicus
1071 3528 1279 3630 Acataloctus:

189 3676 329 3727 constans
343 3663 1047 3739 exDimeuotieroico,et1)imetrotrochaico:
1061 3664 1093 3723 id
1107 3676 1163 3736 ast,
1174 3684 1191 3723 a
1204 3665 1280 3725 duo·

188 3765 243 3823 bos
273 3756 418 3842 Dactylis,
442 3772 473 3823 et
496 3760 611 3823 duobus
632 3758 804 3821 Trncboeia:
829 3758 877 3820 vel
899 3760 1004 3821 ultimo
1028 3759 1195 3839 spondaeo:
1221 3758 1279 3818 hoc

189 3856 277 3918 modo
291 3879 298 3917 :
1000 3868 1004 3875 ’

317 3970 506 4024 Flumina-w
525 3970 708 4023 constitu-w
730 3969 860 4020 stuta-u
880 3972 992 4017 auto--

587 4059 627 4087 ν·
668 4058 707 4085 ν·-
754 4060 771 4070 -
814 4054 875 4083 -νυ
917 4054 976 4082 w

588 4120 709 4169 υ·,ν··
755 4122 773 4133 -
815 4118 878 4147 ·w
918 4118 977 4147 ·w
1103 4119 1108 4125 ¹

636 4188 674 4198 ··
716 4183 756 4212 υ-
796 4185 838 4196 -·
880 4182 918 4211 υ-
959 4184 981 4211 υ

684 4246 815 4277 ww
839 4246 879 4276 -ν
910 4250 949 4260 ·-
