<?xml version="1.0" encoding="UTF-8"?>
<!DOCTYPE html PUBLIC "-//W3C//DTD XHTML 1.0 Transitional//EN"
    "http://www.w3.org/TR/xhtml1/DTD/xhtml1-transitional.dtd">
<html xmlns="http://www.w3.org/1999/xhtml" xml:lang="en" lang="en">
 <head>
  <title>
</title>
<meta http-equiv="Content-Type" content="text/html;charset=utf-8" />
  <meta name='ocr-system' content='tesseract 3.04.00' />
  <meta name='ocr-capabilities' content='ocr_page ocr_carea ocr_par ocr_line ocrx_word'/>
</head>
<body>
  <div class='ocr_page' id='page_1' title='image "./quintihoratiifl07zeungoog/quintihoratiifl07zeungoog_0056.png"; bbox 0 0 3175 4900; ppageno 0'>
   <div class='ocr_carea' id='block_1_1' title="bbox 304 371 1055 441">
    <p class='ocr_par' dir='ltr' id='par_1_1' title="bbox 304 371 1055 441">
     <span class='ocr_line' id='line_1_1' title="bbox 304 371 1055 441; baseline 0.005 -5"><span class='ocrx_word' id='word_1_1' title='bbox 304 371 349 436; x_wconf 82' lang='grc'><strong>46</strong></span> <span class='ocrx_word' id='word_1_2' title='bbox 647 385 695 434; x_wconf 85' lang='lat' dir='ltr'><strong>nn</strong></span> <span class='ocrx_word' id='word_1_3' title='bbox 719 384 859 436; x_wconf 75' lang='lat' dir='ltr'><strong>uernis</strong></span> <span class='ocrx_word' id='word_1_4' title='bbox 882 387 1055 441; x_wconf 77' lang='lat' dir='ltr'><strong>nonanti.</strong></span> 
     </span>
    </p>
   </div>
   <div class='ocr_carea' id='block_1_2' title="bbox 307 526 1263 4127">
    <p class='ocr_par' dir='ltr' id='par_1_2' title="bbox 307 526 1263 4127">
     <span class='ocr_line' id='line_1_2' title="bbox 307 526 675 608; baseline 0.005 -22"><span class='ocrx_word' id='word_1_5' title='bbox 307 528 387 588; x_wconf 89' lang='lat' dir='ltr'><strong>Noni</strong></span> <span class='ocrx_word' id='word_1_6' title='bbox 403 527 517 608; x_wconf 83' lang='lat' dir='ltr'><strong>generis</strong></span> <span class='ocrx_word' id='word_1_7' title='bbox 531 526 608 590; x_wconf 70' lang='lat' dir='ltr'><strong>ode</strong></span> <span class='ocrx_word' id='word_1_8' title='bbox 626 530 675 588; x_wconf 84' lang='lat'><strong>3⁷.</strong></span> 
     </span>
     <span class='ocr_line' id='line_1_3' title="bbox 347 622 1184 697; baseline 0.008 -16"><span class='ocrx_word' id='word_1_9' title='bbox 347 622 410 682; x_wconf 90' lang='lat' dir='ltr'>Lib.</span> <span class='ocrx_word' id='word_1_10' title='bbox 426 642 450 685; x_wconf 90' lang='lat'><strong>1.</strong></span> <span class='ocrx_word' id='word_1_11' title='bbox 465 623 531 683; x_wconf 85' lang='lat' dir='ltr'><strong>Ode</strong></span> <span class='ocrx_word' id='word_1_12' title='bbox 572 625 602 682; x_wconf 89' lang='lat'><strong>9.</strong></span> <span class='ocrx_word' id='word_1_13' title='bbox 619 623 726 697; x_wconf 69' lang='lat' dir='ltr'><strong>Vides,</strong></span> <span class='ocrx_word' id='word_1_14' title='bbox 741 633 775 682; x_wconf 88' lang='lat' dir='ltr'><strong>ut</strong></span> <span class='ocrx_word' id='word_1_15' title='bbox 789 624 850 685; x_wconf 85' lang='lat' dir='ltr'><strong>slta</strong></span> <span class='ocrx_word' id='word_1_16' title='bbox 864 633 923 685; x_wconf 88' lang='lat' dir='ltr'><strong>stet</strong></span> <span class='ocrx_word' id='word_1_17' title='bbox 936 624 1003 684; x_wconf 82' lang='lat' dir='ltr'><strong>nire</strong></span> <span class='ocrx_word' id='word_1_18' title='bbox 1013 623 1184 688; x_wconf 86' lang='lat' dir='ltr'><strong>candidum.</strong></span> 
     </span>
     <span class='ocr_line' id='line_1_4' title="bbox 558 719 1143 800; baseline 0 -22"><span class='ocrx_word' id='word_1_19' title='bbox 558 720 604 780; x_wconf 85' lang='lat'><strong>16.</strong></span> <span class='ocrx_word' id='word_1_20' title='bbox 627 719 653 777; x_wconf 94' lang='lat'>0</span> <span class='ocrx_word' id='word_1_21' title='bbox 669 730 760 780; x_wconf 89' lang='lat' dir='ltr'><strong>matre</strong></span> <span class='ocrx_word' id='word_1_22' title='bbox 774 720 899 799; x_wconf 86' lang='lat' dir='ltr'><strong>pulchra</strong></span> <span class='ocrx_word' id='word_1_23' title='bbox 911 721 972 780; x_wconf 88' lang='lat' dir='ltr'><strong>filia</strong></span> <span class='ocrx_word' id='word_1_24' title='bbox 985 720 1143 800; x_wconf 78' lang='lat' dir='ltr'><strong>pulchrior.</strong></span> 
     </span>
     <span class='ocr_line' id='line_1_5' title="bbox 556 803 1177 895; baseline 0.002 -22"><span class='ocrx_word' id='word_1_25' title='bbox 556 803 604 875; x_wconf 76' lang='lat'><strong>1⁷.</strong></span> <span class='ocrx_word' id='word_1_26' title='bbox 626 815 723 876; x_wconf 83' lang='lat' dir='ltr'>Velox</span> <span class='ocrx_word' id='word_1_27' title='bbox 737 835 884 875; x_wconf 86' lang='lat' dir='ltr'><strong>amoenum</strong></span> <span class='ocrx_word' id='word_1_28' title='bbox 898 835 979 895; x_wconf 80' lang='lat' dir='ltr'><strong>saepe</strong></span> <span class='ocrx_word' id='word_1_29' title='bbox 993 815 1177 876; x_wconf 80' lang='lat' dir='ltr'><strong>Lucretilem.</strong></span> 
     </span>
     <span class='ocr_line' id='line_1_6' title="bbox 554 909 1194 981; baseline 0.006 -13"><span class='ocrx_word' id='word_1_30' title='bbox 554 909 605 970; x_wconf 84' lang='grc'><strong>26.</strong></span> <span class='ocrx_word' id='word_1_31' title='bbox 627 909 723 970; x_wconf 87' lang='lat' dir='ltr'><strong>Musis</strong></span> <span class='ocrx_word' id='word_1_32' title='bbox 738 910 862 981; x_wconf 88' lang='lat' dir='ltr'><strong>amicus,</strong></span> <span class='ocrx_word' id='word_1_33' title='bbox 883 911 1031 970; x_wconf 88' lang='lat' dir='ltr'><strong>tristitiam</strong></span> <span class='ocrx_word' id='word_1_34' title='bbox 1044 921 1075 971; x_wconf 92' lang='lat' dir='ltr'><strong>et</strong></span> <span class='ocrx_word' id='word_1_35' title='bbox 1088 921 1194 972; x_wconf 86' lang='lat' dir='ltr'><strong>metus.</strong></span> 
     </span>
     <span class='ocr_line' id='line_1_7' title="bbox 555 1004 1131 1084; baseline 0.003 -22"><span class='ocrx_word' id='word_1_36' title='bbox 555 1007 606 1064; x_wconf 89' lang='grc'><strong>27.</strong></span> <span class='ocrx_word' id='word_1_37' title='bbox 627 1004 714 1064; x_wconf 84' lang='lat' dir='ltr'><strong>Natis</strong></span> <span class='ocrx_word' id='word_1_38' title='bbox 729 1005 758 1062; x_wconf 93' lang='lat' dir='ltr'><strong>in</strong></span> <span class='ocrx_word' id='word_1_39' title='bbox 773 1023 859 1064; x_wconf 90' lang='lat' dir='ltr'><strong>usum</strong></span> <span class='ocrx_word' id='word_1_40' title='bbox 874 1004 986 1064; x_wconf 75' lang='lat' dir='ltr'><strong>laetitias</strong></span> <span class='ocrx_word' id='word_1_41' title='bbox 1001 1006 1131 1084; x_wconf 77' lang='lat' dir='ltr'><strong>scyphis.</strong></span> 
     </span>
     <span class='ocr_line' id='line_1_8' title="bbox 556 1101 1182 1172; baseline -0.002 -11"><span class='ocrx_word' id='word_1_42' title='bbox 556 1103 606 1161; x_wconf 90' lang='grc'><strong>29.</strong></span> <span class='ocrx_word' id='word_1_43' title='bbox 629 1101 697 1172; x_wconf 87' lang='lat' dir='ltr'><strong>loci,</strong></span> <span class='ocrx_word' id='word_1_44' title='bbox 710 1101 806 1160; x_wconf 85' lang='lat' dir='ltr'><strong>beatis</strong></span> <span class='ocrx_word' id='word_1_45' title='bbox 820 1118 899 1160; x_wconf 92' lang='lat' dir='ltr'><strong>nunc</strong></span> <span class='ocrx_word' id='word_1_46' title='bbox 913 1102 1043 1161; x_wconf 78' lang='lat' dir='ltr'><strong>Arabum</strong></span> <span class='ocrx_word' id='word_1_47' title='bbox 1058 1101 1182 1162; x_wconf 87' lang='lat' dir='ltr'><strong>invides.</strong></span> 
     </span>
     <span class='ocr_line' id='line_1_9' title="bbox 555 1193 1195 1274; baseline 0.005 -20"><span class='ocrx_word' id='word_1_48' title='bbox 555 1199 603 1256; x_wconf 85' lang='lat'><strong>31.</strong></span> <span class='ocrx_word' id='word_1_49' title='bbox 625 1193 705 1262; x_wconf 86' lang='lat' dir='ltr'>Quid</span> <span class='ocrx_word' id='word_1_50' title='bbox 719 1193 888 1255; x_wconf 85' lang='lat' dir='ltr'><strong>dedicatum</strong></span> <span class='ocrx_word' id='word_1_51' title='bbox 903 1195 1000 1273; x_wconf 83' lang='lat' dir='ltr'><strong>poscit</strong></span> <span class='ocrx_word' id='word_1_52' title='bbox 1017 1195 1195 1274; x_wconf 80' lang='lat' dir='ltr'><strong>Apollinem.</strong></span> 
     </span>
     <span class='ocr_line' id='line_1_10' title="bbox 557 1287 1231 1370; baseline 0 -20"><span class='ocrx_word' id='word_1_53' title='bbox 557 1293 605 1350; x_wconf 85' lang='grc'><strong>34.</strong></span> <span class='ocrx_word' id='word_1_54' title='bbox 626 1287 737 1350; x_wconf 87' lang='lat' dir='ltr'><strong>Parcus</strong></span> <span class='ocrx_word' id='word_1_55' title='bbox 752 1290 882 1350; x_wconf 82' lang='lat' dir='ltr'><strong>Deorum</strong></span> <span class='ocrx_word' id='word_1_56' title='bbox 896 1290 992 1350; x_wconf 88' lang='lat' dir='ltr'><strong>cultor</strong></span> <span class='ocrx_word' id='word_1_57' title='bbox 1005 1301 1035 1351; x_wconf 89' lang='lat' dir='ltr'><strong>et</strong></span> <span class='ocrx_word' id='word_1_58' title='bbox 1047 1290 1231 1370; x_wconf 81' lang='lat' dir='ltr'><strong>infrequens.</strong></span> 
     </span>
     <span class='ocr_line' id='line_1_11' title="bbox 559 1385 1195 1465; baseline 0.005 -21"><span class='ocrx_word' id='word_1_59' title='bbox 559 1388 608 1446; x_wconf 84' lang='grc'><strong>35.</strong></span> <span class='ocrx_word' id='word_1_60' title='bbox 630 1385 656 1443; x_wconf 94' lang='lat'>0</span> <span class='ocrx_word' id='word_1_61' title='bbox 673 1385 749 1446; x_wconf 84' lang='lat' dir='ltr'><strong>Dira</strong></span> <span class='ocrx_word' id='word_1_62' title='bbox 763 1397 962 1465; x_wconf 73' lang='lat' dir='ltr'><strong>gratumque</strong></span> <span class='ocrx_word' id='word_1_63' title='bbox 975 1386 1053 1465; x_wconf 76' lang='lat' dir='ltr'><strong>regis</strong></span> <span class='ocrx_word' id='word_1_64' title='bbox 1063 1387 1195 1448; x_wconf 80' lang='lat' dir='ltr'><strong>Antium.</strong></span> 
     </span>
     <span class='ocr_line' id='line_1_12' title="bbox 557 1481 1257 1560; baseline 0 -18"><span class='ocrx_word' id='word_1_65' title='bbox 557 1486 606 1543; x_wconf 90' lang='grc'><strong>37.</strong></span> <span class='ocrx_word' id='word_1_66' title='bbox 628 1483 715 1543; x_wconf 90' lang='lat' dir='ltr'><strong>Nunc</strong></span> <span class='ocrx_word' id='word_1_67' title='bbox 730 1493 777 1541; x_wconf 88' lang='lat' dir='ltr'><strong>est</strong></span> <span class='ocrx_word' id='word_1_68' title='bbox 788 1481 958 1553; x_wconf 82' lang='lat' dir='ltr'><strong>bibendum,</strong></span> <span class='ocrx_word' id='word_1_69' title='bbox 970 1501 1049 1542; x_wconf 88' lang='lat' dir='ltr'><strong>nunc</strong></span> <span class='ocrx_word' id='word_1_70' title='bbox 1063 1482 1140 1560; x_wconf 89' lang='lat' dir='ltr'><strong>pade</strong></span> <span class='ocrx_word' id='word_1_71' title='bbox 1154 1481 1257 1542; x_wconf 89' lang='lat' dir='ltr'><strong>libero.</strong></span> 
     </span>
     <span class='ocr_line' id='line_1_13' title="bbox 583 1575 1214 1666; baseline 0.003 -30"><span class='ocrx_word' id='word_1_72' title='bbox 583 1581 610 1666; x_wconf 74' lang='lat'><strong>¹:</strong></span> <span class='ocrx_word' id='word_1_73' title='bbox 631 1577 745 1638; x_wconf 89' lang='lat' dir='ltr'><strong>Motum</strong></span> <span class='ocrx_word' id='word_1_74' title='bbox 757 1597 793 1637; x_wconf 85' lang='lat' dir='ltr'><strong>ex</strong></span> <span class='ocrx_word' id='word_1_75' title='bbox 808 1576 930 1636; x_wconf 86' lang='lat' dir='ltr'><strong>Metello</strong></span> <span class='ocrx_word' id='word_1_76' title='bbox 943 1575 1065 1636; x_wconf 89' lang='lat' dir='ltr'><strong>consule</strong></span> <span class='ocrx_word' id='word_1_77' title='bbox 1079 1576 1214 1639; x_wconf 87' lang='lat' dir='ltr'><strong>ciricum.</strong></span> 
     </span>
     <span class='ocr_line' id='line_1_14' title="bbox 580 1671 1189 1751; baseline 0 -17"><span class='ocrx_word' id='word_1_78' title='bbox 580 1677 610 1734; x_wconf 96' lang='grc'><strong>3.</strong></span> <span class='ocrx_word' id='word_1_79' title='bbox 632 1674 758 1751; x_wconf 85' lang='lat' dir='ltr'><strong>AEquam</strong></span> <span class='ocrx_word' id='word_1_80' title='bbox 772 1681 920 1732; x_wconf 90' lang='lat' dir='ltr'><strong>memento</strong></span> <span class='ocrx_word' id='word_1_81' title='bbox 935 1673 1022 1732; x_wconf 89' lang='lat' dir='ltr'><strong>rebus</strong></span> <span class='ocrx_word' id='word_1_82' title='bbox 1032 1673 1062 1730; x_wconf 91' lang='lat' dir='ltr'><strong>iu</strong></span> <span class='ocrx_word' id='word_1_83' title='bbox 1078 1671 1189 1734; x_wconf 82' lang='lat' dir='ltr'><strong>arduis.</strong></span> 
     </span>
     <span class='ocr_line' id='line_1_15' title="bbox 580 1767 1215 1845; baseline -0.003 -16"><span class='ocrx_word' id='word_1_84' title='bbox 580 1773 610 1833; x_wconf 91' lang='lat'><strong>5.</strong></span> <span class='ocrx_word' id='word_1_85' title='bbox 631 1768 771 1829; x_wconf 88' lang='lat' dir='ltr'><strong>Nondum</strong></span> <span class='ocrx_word' id='word_1_86' title='bbox 785 1769 909 1827; x_wconf 75' lang='lat' dir='ltr'><strong>subactu</strong></span> <span class='ocrx_word' id='word_1_87' title='bbox 922 1768 996 1827; x_wconf 80' lang='lat' dir='ltr'><strong>ferre</strong></span> <span class='ocrx_word' id='word_1_88' title='bbox 1005 1767 1111 1845; x_wconf 83' lang='lat' dir='ltr'><strong>jugum</strong></span> <span class='ocrx_word' id='word_1_89' title='bbox 1125 1768 1215 1828; x_wconf 85' lang='lat' dir='ltr'><strong>valet.</strong></span> 
     </span>
     <span class='ocr_line' id='line_1_16' title="bbox 578 1861 1216 1943; baseline -0.003 -19"><span class='ocrx_word' id='word_1_90' title='bbox 578 1867 608 1926; x_wconf 85' lang='lat'><strong>¹7.</strong></span> <span class='ocrx_word' id='word_1_91' title='bbox 632 1865 659 1923; x_wconf 94' lang='lat'>0</span> <span class='ocrx_word' id='word_1_92' title='bbox 674 1882 754 1943; x_wconf 82' lang='lat' dir='ltr'><strong>saepe</strong></span> <span class='ocrx_word' id='word_1_93' title='bbox 770 1883 885 1923; x_wconf 90' lang='lat' dir='ltr'><strong>mecum</strong></span> <span class='ocrx_word' id='word_1_94' title='bbox 899 1873 1014 1942; x_wconf 88' lang='lat' dir='ltr'><strong>tempus</strong></span> <span class='ocrx_word' id='word_1_95' title='bbox 1028 1863 1058 1921; x_wconf 91' lang='lat' dir='ltr'><strong>in</strong></span> <span class='ocrx_word' id='word_1_96' title='bbox 1073 1861 1216 1922; x_wconf 88' lang='lat' dir='ltr'><strong>ultimum.</strong></span> 
     </span>
     <span class='ocr_line' id='line_1_17' title="bbox 578 1957 1250 2039; baseline -0.01 -16"><span class='ocrx_word' id='word_1_97' title='bbox 578 1965 608 2023; x_wconf 83' lang='lat'><strong>9.</strong></span> <span class='ocrx_word' id='word_1_98' title='bbox 631 1959 699 2019; x_wconf 90' lang='lat' dir='ltr'><strong>Non</strong></span> <span class='ocrx_word' id='word_1_99' title='bbox 715 1978 829 2039; x_wconf 88' lang='lat' dir='ltr'><strong>semper</strong></span> <span class='ocrx_word' id='word_1_100' title='bbox 841 1958 948 2019; x_wconf 79' lang='lat' dir='ltr'><strong>imbres</strong></span> <span class='ocrx_word' id='word_1_101' title='bbox 963 1959 1089 2017; x_wconf 90' lang='lat' dir='ltr'><strong>nubibus</strong></span> <span class='ocrx_word' id='word_1_102' title='bbox 1103 1957 1250 2037; x_wconf 86' lang='lat' dir='ltr'><strong>hispidos.</strong></span> 
     </span>
     <span class='ocr_line' id='line_1_18' title="bbox 562 2052 1248 2133; baseline -0.001 -19"><span class='ocrx_word' id='word_1_103' title='bbox 562 2057 609 2114; x_wconf 94' lang='lat' dir='ltr'><strong>ll.</strong></span> <span class='ocrx_word' id='word_1_104' title='bbox 630 2054 708 2123; x_wconf 87' lang='lat' dir='ltr'><strong>Quid</strong></span> <span class='ocrx_word' id='word_1_105' title='bbox 723 2054 882 2114; x_wconf 85' lang='lat' dir='ltr'><strong>bellicosus</strong></span> <span class='ocrx_word' id='word_1_106' title='bbox 896 2054 1055 2123; x_wconf 84' lang='lat' dir='ltr'><strong>Cantaber,</strong></span> <span class='ocrx_word' id='word_1_107' title='bbox 1068 2062 1100 2113; x_wconf 86' lang='lat' dir='ltr'><strong>et</strong></span> <span class='ocrx_word' id='word_1_108' title='bbox 1112 2052 1248 2133; x_wconf 75' lang='lat' dir='ltr'><strong>Scythes.</strong></span> 
     </span>
     <span class='ocr_line' id='line_1_19' title="bbox 562 2146 1090 2226; baseline -0.002 -19"><span class='ocrx_word' id='word_1_109' title='bbox 562 2151 609 2209; x_wconf 87' lang='grc'><strong>13.</strong></span> <span class='ocrx_word' id='word_1_110' title='bbox 631 2147 684 2208; x_wconf 89' lang='lat' dir='ltr'><strong>Ille</strong></span> <span class='ocrx_word' id='word_1_111' title='bbox 698 2157 729 2208; x_wconf 89' lang='lat' dir='ltr'><strong>et</strong></span> <span class='ocrx_word' id='word_1_112' title='bbox 743 2148 859 2207; x_wconf 79' lang='lat' dir='ltr'><strong>nefasto</strong></span> <span class='ocrx_word' id='word_1_113' title='bbox 874 2157 903 2207; x_wconf 92' lang='lat' dir='ltr'><strong>te</strong></span> <span class='ocrx_word' id='word_1_114' title='bbox 917 2147 1016 2226; x_wconf 80' lang='lat' dir='ltr'><strong>posuit</strong></span> <span class='ocrx_word' id='word_1_115' title='bbox 1029 2146 1090 2206; x_wconf 92' lang='lat' dir='ltr'><strong>die.</strong></span> 
     </span>
     <span class='ocr_line' id='line_1_20' title="bbox 560 2241 1263 2323; baseline 0 -21"><span class='ocrx_word' id='word_1_116' title='bbox 560 2245 609 2305; x_wconf 85' lang='lat'><strong>14.</strong></span> <span class='ocrx_word' id='word_1_117' title='bbox 632 2243 734 2304; x_wconf 83' lang='lat' dir='ltr'><strong>Eheu!</strong></span> <span class='ocrx_word' id='word_1_118' title='bbox 755 2243 889 2323; x_wconf 77' lang='lat' dir='ltr'><strong>fugaces,</strong></span> <span class='ocrx_word' id='word_1_119' title='bbox 903 2243 1076 2314; x_wconf 84' lang='lat' dir='ltr'><strong>Posthume,</strong></span> <span class='ocrx_word' id='word_1_120' title='bbox 1090 2241 1263 2302; x_wconf 90' lang='lat' dir='ltr'><strong>Posthume.</strong></span> 
     </span>
     <span class='ocr_line' id='line_1_21' title="bbox 563 2337 1146 2418; baseline -0.003 -20"><span class='ocrx_word' id='word_1_121' title='bbox 563 2341 609 2400; x_wconf 84' lang='lat'><strong>15.</strong></span> <span class='ocrx_word' id='word_1_122' title='bbox 629 2340 699 2400; x_wconf 85' lang='lat' dir='ltr'><strong>Jarn</strong></span> <span class='ocrx_word' id='word_1_123' title='bbox 711 2358 809 2418; x_wconf 86' lang='lat' dir='ltr'><strong>pauca</strong></span> <span class='ocrx_word' id='word_1_124' title='bbox 823 2349 919 2399; x_wconf 87' lang='lat' dir='ltr'><strong>orstro</strong></span> <span class='ocrx_word' id='word_1_125' title='bbox 928 2339 1035 2418; x_wconf 81' lang='lat' dir='ltr'><strong>jugera</strong></span> <span class='ocrx_word' id='word_1_126' title='bbox 1048 2337 1146 2416; x_wconf 79' lang='lat' dir='ltr'><strong>regios.</strong></span> 
     </span>
     <span class='ocr_line' id='line_1_22' title="bbox 560 2432 1140 2514; baseline 0.002 -23"><span class='ocrx_word' id='word_1_127' title='bbox 560 2434 596 2491; x_wconf 86' lang='grc'><strong>17</strong></span> <span class='ocrx_word' id='word_1_128' title='bbox 601 2478 608 2495; x_wconf 91' lang='grc'><strong>.</strong></span> <span class='ocrx_word' id='word_1_129' title='bbox 631 2433 692 2493; x_wconf 86' lang='lat' dir='ltr'><strong>Gnr</strong></span> <span class='ocrx_word' id='word_1_130' title='bbox 704 2453 751 2495; x_wconf 93' lang='lat' dir='ltr'><strong>me</strong></span> <span class='ocrx_word' id='word_1_131' title='bbox 765 2432 892 2514; x_wconf 76' lang='lat' dir='ltr'><strong>querelis</strong></span> <span class='ocrx_word' id='word_1_132' title='bbox 905 2432 1056 2493; x_wconf 75' lang='lat' dir='ltr'><strong>exanimae</strong></span> <span class='ocrx_word' id='word_1_133' title='bbox 1071 2432 1140 2493; x_wconf 89' lang='lat' dir='ltr'><strong>tuis.</strong></span> 
     </span>
     <span class='ocr_line' id='line_1_23' title="bbox 561 2526 1246 2605; baseline 0.006 -20"><span class='ocrx_word' id='word_1_134' title='bbox 561 2528 608 2586; x_wconf 89' lang='lat'><strong>19.</strong></span> <span class='ocrx_word' id='word_1_135' title='bbox 629 2526 779 2588; x_wconf 88' lang='lat' dir='ltr'><strong>Bacchum</strong></span> <span class='ocrx_word' id='word_1_136' title='bbox 793 2529 823 2585; x_wconf 90' lang='lat' dir='ltr'><strong>in</strong></span> <span class='ocrx_word' id='word_1_137' title='bbox 838 2528 957 2587; x_wconf 88' lang='lat' dir='ltr'><strong>remotis</strong></span> <span class='ocrx_word' id='word_1_138' title='bbox 970 2526 1102 2587; x_wconf 87' lang='lat' dir='ltr'><strong>carmina</strong></span> <span class='ocrx_word' id='word_1_139' title='bbox 1114 2526 1246 2605; x_wconf 82' lang='lat' dir='ltr'><strong>rupibus.</strong></span> 
     </span>
     <span class='ocr_line' id='line_1_24' title="bbox 557 2622 1094 2696; baseline 0 -16"><span class='ocrx_word' id='word_1_140' title='bbox 557 2625 606 2683; x_wconf 89' lang='grc'><strong>20.</strong></span> <span class='ocrx_word' id='word_1_141' title='bbox 629 2622 696 2682; x_wconf 92' lang='lat' dir='ltr'><strong>Non</strong></span> <span class='ocrx_word' id='word_1_142' title='bbox 711 2624 831 2696; x_wconf 78' lang='lat' dir='ltr'><strong>usitata,</strong></span> <span class='ocrx_word' id='word_1_143' title='bbox 845 2641 901 2682; x_wconf 89' lang='lat' dir='ltr'><strong>nec</strong></span> <span class='ocrx_word' id='word_1_144' title='bbox 914 2623 995 2682; x_wconf 89' lang='lat' dir='ltr'><strong>tenui</strong></span> <span class='ocrx_word' id='word_1_145' title='bbox 1008 2622 1094 2681; x_wconf 80' lang='lat' dir='ltr'><strong>ferar.</strong></span> 
     </span>
     <span class='ocr_line' id='line_1_25' title="bbox 446 2718 1142 2797; baseline 0.003 -22"><span class='ocrx_word' id='word_1_146' title='bbox 446 2760 453 2775; x_wconf 99' lang='lat'><strong>.</strong></span> <span class='ocrx_word' id='word_1_147' title='bbox 581 2720 606 2778; x_wconf 94' lang='lat' dir='ltr'><strong>l.</strong></span> <span class='ocrx_word' id='word_1_148' title='bbox 628 2718 687 2777; x_wconf 90' lang='lat' dir='ltr'><strong>Odi</strong></span> <span class='ocrx_word' id='word_1_149' title='bbox 701 2719 857 2797; x_wconf 83' lang='lat' dir='ltr'><strong>profanum</strong></span> <span class='ocrx_word' id='word_1_150' title='bbox 869 2719 987 2795; x_wconf 78' lang='lat' dir='ltr'><strong>vulgus,</strong></span> <span class='ocrx_word' id='word_1_151' title='bbox 1002 2728 1033 2777; x_wconf 91' lang='lat' dir='ltr'><strong>et</strong></span> <span class='ocrx_word' id='word_1_152' title='bbox 1046 2735 1142 2777; x_wconf 88' lang='lat' dir='ltr'><strong>arceo.</strong></span> 
     </span>
     <span class='ocr_line' id='line_1_26' title="bbox 580 2813 1187 2891; baseline 0.003 -22"><span class='ocrx_word' id='word_1_153' title='bbox 580 2816 610 2872; x_wconf 85' lang='lat'><strong>2.</strong></span> <span class='ocrx_word' id='word_1_154' title='bbox 633 2813 810 2890; x_wconf 81' lang='lat' dir='ltr'><strong>Angustam,</strong></span> <span class='ocrx_word' id='word_1_155' title='bbox 825 2813 921 2884; x_wconf 83' lang='lat' dir='ltr'><strong>amici,</strong></span> <span class='ocrx_word' id='word_1_156' title='bbox 934 2813 1102 2891; x_wconf 78' lang='lat' dir='ltr'><strong>pauperiem</strong></span> <span class='ocrx_word' id='word_1_157' title='bbox 1114 2813 1187 2890; x_wconf 84' lang='lat' dir='ltr'><strong>pati.</strong></span> 
     </span>
     <span class='ocr_line' id='line_1_27' title="bbox 580 2906 1216 2985; baseline 0 -18"><span class='ocrx_word' id='word_1_158' title='bbox 580 2910 609 2969; x_wconf 92' lang='grc'><strong>3.</strong></span> <span class='ocrx_word' id='word_1_159' title='bbox 629 2907 749 2967; x_wconf 88' lang='lat' dir='ltr'><strong>Justum</strong></span> <span class='ocrx_word' id='word_1_160' title='bbox 764 2918 794 2966; x_wconf 87' lang='lat' dir='ltr'><strong>et</strong></span> <span class='ocrx_word' id='word_1_161' title='bbox 807 2918 941 2967; x_wconf 85' lang='lat' dir='ltr'><strong>tenacem</strong></span> <span class='ocrx_word' id='word_1_162' title='bbox 955 2906 1097 2985; x_wconf 75' lang='lat' dir='ltr'><strong>propositi</strong></span> <span class='ocrx_word' id='word_1_163' title='bbox 1113 2906 1216 2967; x_wconf 84' lang='lat' dir='ltr'><strong>virum.</strong></span> 
     </span>
     <span class='ocr_line' id='line_1_28' title="bbox 577 3000 1156 3079; baseline 0.003 -18"><span class='ocrx_word' id='word_1_164' title='bbox 577 3004 608 3061; x_wconf 84' lang='lat'><strong>4.</strong></span> <span class='ocrx_word' id='word_1_165' title='bbox 630 3000 787 3061; x_wconf 77' lang='lat' dir='ltr'><strong>Descende</strong></span> <span class='ocrx_word' id='word_1_166' title='bbox 802 3001 887 3073; x_wconf 78' lang='lat' dir='ltr'><strong>coelo,</strong></span> <span class='ocrx_word' id='word_1_167' title='bbox 900 3011 932 3060; x_wconf 89' lang='lat' dir='ltr'><strong>et</strong></span> <span class='ocrx_word' id='word_1_168' title='bbox 944 3000 993 3060; x_wconf 84' lang='lat' dir='ltr'><strong>dic</strong></span> <span class='ocrx_word' id='word_1_169' title='bbox 1006 3019 1061 3079; x_wconf 78' lang='lat' dir='ltr'><strong>age</strong></span> <span class='ocrx_word' id='word_1_170' title='bbox 1075 3002 1156 3063; x_wconf 86' lang='lat' dir='ltr'><strong>tibia.</strong></span> 
     </span>
     <span class='ocr_line' id='line_1_29' title="bbox 578 3096 1199 3159; baseline 0.003 -2"><span class='ocrx_word' id='word_1_171' title='bbox 578 3101 607 3157; x_wconf 88' lang='lat'><strong>5.</strong></span> <span class='ocrx_word' id='word_1_172' title='bbox 629 3096 713 3156; x_wconf 78' lang='lat' dir='ltr'><strong>Coelo</strong></span> <span class='ocrx_word' id='word_1_173' title='bbox 727 3105 879 3155; x_wconf 89' lang='lat' dir='ltr'><strong>tonantem</strong></span> <span class='ocrx_word' id='word_1_174' title='bbox 893 3096 1070 3157; x_wconf 86' lang='lat' dir='ltr'><strong>credidimus</strong></span> <span class='ocrx_word' id='word_1_175' title='bbox 1084 3098 1199 3159; x_wconf 80' lang='lat' dir='ltr'><strong>Jovem.</strong></span> 
     </span>
     <span class='ocr_line' id='line_1_30' title="bbox 575 3191 1163 3271; baseline 0.009 -21"><span class='ocrx_word' id='word_1_176' title='bbox 575 3193 605 3251; x_wconf 90' lang='lat'><strong>6.</strong></span> <span class='ocrx_word' id='word_1_177' title='bbox 627 3192 746 3252; x_wconf 88' lang='lat' dir='ltr'><strong>Delicta</strong></span> <span class='ocrx_word' id='word_1_178' title='bbox 759 3193 901 3271; x_wconf 87' lang='lat' dir='ltr'><strong>majorum</strong></span> <span class='ocrx_word' id='word_1_179' title='bbox 915 3193 1073 3251; x_wconf 89' lang='lat' dir='ltr'><strong>immeritus</strong></span> <span class='ocrx_word' id='word_1_180' title='bbox 1089 3191 1163 3256; x_wconf 89' lang='lat' dir='ltr'><strong>lues.</strong></span> 
     </span>
     <span class='ocr_line' id='line_1_31' title="bbox 560 3286 1120 3357; baseline 0.004 -12"><span class='ocrx_word' id='word_1_181' title='bbox 560 3290 609 3347; x_wconf 85' lang='lat'><strong>17.</strong></span> <span class='ocrx_word' id='word_1_182' title='bbox 631 3286 700 3357; x_wconf 81' lang='lat' dir='ltr'><strong>AEli,</strong></span> <span class='ocrx_word' id='word_1_183' title='bbox 713 3296 830 3345; x_wconf 86' lang='lat' dir='ltr'><strong>vetusto</strong></span> <span class='ocrx_word' id='word_1_184' title='bbox 844 3287 951 3345; x_wconf 91' lang='lat' dir='ltr'><strong>nobilis</strong></span> <span class='ocrx_word' id='word_1_185' title='bbox 966 3288 1004 3345; x_wconf 89' lang='lat' dir='ltr'><strong>ab</strong></span> <span class='ocrx_word' id='word_1_186' title='bbox 1018 3287 1120 3348; x_wconf 87' lang='lat' dir='ltr'><strong>Lamo.</strong></span> 
     </span>
     <span class='ocr_line' id='line_1_32' title="bbox 557 3380 1144 3447; baseline 0.017 -12"><span class='ocrx_word' id='word_1_187' title='bbox 557 3382 607 3438; x_wconf 91' lang='grc'><strong>21.</strong></span> <span class='ocrx_word' id='word_1_188' title='bbox 629 3380 656 3438; x_wconf 94' lang='lat'>0</span> <span class='ocrx_word' id='word_1_189' title='bbox 669 3387 740 3437; x_wconf 88' lang='lat' dir='ltr'><strong>nata</strong></span> <span class='ocrx_word' id='word_1_190' title='bbox 753 3398 868 3439; x_wconf 90' lang='lat' dir='ltr'><strong>mecum</strong></span> <span class='ocrx_word' id='word_1_191' title='bbox 882 3382 1005 3441; x_wconf 90' lang='lat' dir='ltr'><strong>consule</strong></span> <span class='ocrx_word' id='word_1_192' title='bbox 1020 3382 1144 3447; x_wconf 86' lang='lat' dir='ltr'><strong>Manlio.</strong></span> 
     </span>
     <span class='ocr_line' id='line_1_33' title="bbox 557 3474 1135 3553; baseline 0.01 -21"><span class='ocrx_word' id='word_1_193' title='bbox 557 3477 607 3534; x_wconf 90' lang='grc'><strong>23.</strong></span> <span class='ocrx_word' id='word_1_194' title='bbox 630 3474 714 3533; x_wconf 75' lang='lat' dir='ltr'><strong>Coelo</strong></span> <span class='ocrx_word' id='word_1_195' title='bbox 729 3477 849 3553; x_wconf 88' lang='lat' dir='ltr'><strong>supinas</strong></span> <span class='ocrx_word' id='word_1_196' title='bbox 864 3476 889 3535; x_wconf 91' lang='lat' dir='ltr'><strong>si</strong></span> <span class='ocrx_word' id='word_1_197' title='bbox 903 3477 1005 3537; x_wconf 89' lang='lat' dir='ltr'><strong>tuleris</strong></span> <span class='ocrx_word' id='word_1_198' title='bbox 1018 3498 1135 3538; x_wconf 86' lang='lat' dir='ltr'><strong>monus.</strong></span> 
     </span>
     <span class='ocr_line' id='line_1_34' title="bbox 557 3568 1074 3653; baseline 0.017 -28"><span class='ocrx_word' id='word_1_199' title='bbox 557 3568 607 3627; x_wconf 91' lang='grc'><strong>26.</strong></span> <span class='ocrx_word' id='word_1_200' title='bbox 628 3568 695 3627; x_wconf 80' lang='lat' dir='ltr'><strong>vixi</strong></span> <span class='ocrx_word' id='word_1_201' title='bbox 713 3569 819 3647; x_wconf 89' lang='lat' dir='ltr'><strong>puellis</strong></span> <span class='ocrx_word' id='word_1_202' title='bbox 834 3589 926 3653; x_wconf 85' lang='lat' dir='ltr'><strong>nuper</strong></span> <span class='ocrx_word' id='word_1_203' title='bbox 940 3571 1074 3635; x_wconf 88' lang='lat' dir='ltr'><strong>idoneus.</strong></span> 
     </span>
     <span class='ocr_line' id='line_1_35' title="bbox 558 3662 1154 3746; baseline 0.012 -26"><span class='ocrx_word' id='word_1_204' title='bbox 558 3663 608 3722; x_wconf 90' lang='grc'><strong>29.</strong></span> <span class='ocrx_word' id='word_1_205' title='bbox 629 3662 782 3743; x_wconf 76' lang='lat' dir='ltr'><strong>Tyrrhena</strong></span> <span class='ocrx_word' id='word_1_206' title='bbox 797 3684 897 3744; x_wconf 82' lang='lat' dir='ltr'><strong>regum</strong></span> <span class='ocrx_word' id='word_1_207' title='bbox 913 3667 1080 3746; x_wconf 77' lang='lat' dir='ltr'><strong>progenies,</strong></span> <span class='ocrx_word' id='word_1_208' title='bbox 1090 3668 1154 3727; x_wconf 92' lang='lat' dir='ltr'><strong>tibi.</strong></span> 
     </span>
     <span class='ocr_line' id='line_1_36' title="bbox 445 3756 1198 3826; baseline 0.003 -7"><span class='ocrx_word' id='word_1_209' title='bbox 445 3800 452 3819; x_wconf 91' lang='lat'><strong>.</strong></span> <span class='ocrx_word' id='word_1_210' title='bbox 576 3761 605 3818; x_wconf 87' lang='grc'><strong>4.</strong></span> <span class='ocrx_word' id='word_1_211' title='bbox 628 3758 752 3826; x_wconf 86' lang='lat' dir='ltr'><strong>Qualem</strong></span> <span class='ocrx_word' id='word_1_212' title='bbox 766 3760 931 3820; x_wconf 88' lang='lat' dir='ltr'><strong>ministrum</strong></span> <span class='ocrx_word' id='word_1_213' title='bbox 944 3756 1198 3823; x_wconf 45' lang='lat' dir='ltr'><strong>fulminis’alitem.</strong></span> 
     </span>
     <span class='ocr_line' id='line_1_37' title="bbox 575 3855 1152 3937; baseline 0.003 -22"><span class='ocrx_word' id='word_1_214' title='bbox 575 3858 605 3915; x_wconf 97' lang='grc'><strong>9.</strong></span> <span class='ocrx_word' id='word_1_215' title='bbox 627 3856 674 3915; x_wconf 88' lang='lat' dir='ltr'><strong>Nc</strong></span> <span class='ocrx_word' id='word_1_216' title='bbox 688 3855 761 3916; x_wconf 83' lang='lat' dir='ltr'><strong>lorte</strong></span> <span class='ocrx_word' id='word_1_217' title='bbox 776 3857 881 3916; x_wconf 88' lang='lat' dir='ltr'><strong>credas</strong></span> <span class='ocrx_word' id='word_1_218' title='bbox 898 3858 1062 3931; x_wconf 87' lang='lat' dir='ltr'><strong>interitura,</strong></span> <span class='ocrx_word' id='word_1_219' title='bbox 1075 3878 1152 3937; x_wconf 80' lang='lat' dir='ltr'><strong>quse.</strong></span> 
     </span>
     <span class='ocr_line' id='line_1_38' title="bbox 559 3950 1231 4035; baseline 0.004 -27"><span class='ocrx_word' id='word_1_220' title='bbox 559 3951 606 4012; x_wconf 82' lang='lat' dir='ltr'><strong>lt.</strong></span> <span class='ocrx_word' id='word_1_221' title='bbox 628 3950 702 4018; x_wconf 90' lang='lat' dir='ltr'><strong>Quae</strong></span> <span class='ocrx_word' id='word_1_222' title='bbox 716 3970 787 4011; x_wconf 89' lang='lat' dir='ltr'><strong>cura</strong></span> <span class='ocrx_word' id='word_1_223' title='bbox 800 3962 926 4035; x_wconf 85' lang='lat' dir='ltr'><strong>patrum,</strong></span> <span class='ocrx_word' id='word_1_224' title='bbox 945 3972 1048 4032; x_wconf 82' lang='lat' dir='ltr'><strong>quaeve</strong></span> <span class='ocrx_word' id='word_1_225' title='bbox 1062 3954 1231 4022; x_wconf 88' lang='lat' dir='ltr'><strong>Quiritium.</strong></span> 
     </span>
     <span class='ocr_line' id='line_1_39' title="bbox 559 4044 1196 4127; baseline 0.008 -23"><span class='ocrx_word' id='word_1_226' title='bbox 559 4047 606 4105; x_wconf 93' lang='grc'><strong>15.</strong></span> <span class='ocrx_word' id='word_1_227' title='bbox 627 4044 756 4105; x_wconf 80' lang='lat' dir='ltr'><strong>Phoebus</strong></span> <span class='ocrx_word' id='word_1_228' title='bbox 769 4044 916 4107; x_wconf 83' lang='lat' dir='ltr'><strong>volentem</strong></span> <span class='ocrx_word' id='word_1_229' title='bbox 930 4046 1032 4127; x_wconf 80' lang='lat' dir='ltr'><strong>praelia</strong></span> <span class='ocrx_word' id='word_1_230' title='bbox 1046 4067 1092 4107; x_wconf 88' lang='lat' dir='ltr'><strong>me</strong></span> <span class='ocrx_word' id='word_1_231' title='bbox 1106 4048 1196 4126; x_wconf 90' lang='lat' dir='ltr'><strong>loqui.</strong></span> 
     </span>
    </p>
   </div>
   <div class='ocr_carea' id='block_1_3' title="bbox 347 4168 1391 4250">
    <p class='ocr_par' dir='ltr' id='par_1_3' title="bbox 347 4168 1391 4250">
     <span class='ocr_line' id='line_1_40' title="bbox 347 4168 1391 4250; baseline 0.004 -19"><span class='ocrx_word' id='word_1_232' title='bbox 347 4168 510 4233; x_wconf 79' lang='lat' dir='ltr'><strong>Drcrrrurs</strong></span> <span class='ocrx_word' id='word_1_233' title='bbox 523 4189 649 4231; x_wconf 74' lang='lat' dir='ltr'><strong>ossus:</strong></span> <span class='ocrx_word' id='word_1_234' title='bbox 665 4180 697 4231; x_wconf 92' lang='lat' dir='ltr'><strong>ut</strong></span> <span class='ocrx_word' id='word_1_235' title='bbox 709 4192 733 4235; x_wconf 85' lang='lat'><strong>1.</strong></span> <span class='ocrx_word' id='word_1_236' title='bbox 744 4171 804 4232; x_wconf 82' lang='lat' dir='ltr'><strong>od.</strong></span> <span class='ocrx_word' id='word_1_237' title='bbox 816 4173 863 4232; x_wconf 92' lang='grc'><strong>11.</strong></span> <span class='ocrx_word' id='word_1_238' title='bbox 875 4192 943 4250; x_wconf 73' lang='lat' dir='ltr'><strong>quas</strong></span> <span class='ocrx_word' id='word_1_239' title='bbox 953 4184 999 4233; x_wconf 89' lang='lat' dir='ltr'><strong>est</strong></span> <span class='ocrx_word' id='word_1_240' title='bbox 1010 4173 1197 4235; x_wconf 84' lang='lat' dir='ltr'><strong>Monocolos.</strong></span> <span class='ocrx_word' id='word_1_241' title='bbox 1226 4174 1303 4234; x_wconf 88' lang='lat' dir='ltr'><strong>Sunt</strong></span> <span class='ocrx_word' id='word_1_242' title='bbox 1313 4176 1391 4235; x_wconf 83' lang='lat' dir='ltr'><strong>eninr</strong></span> 
     </span>
    </p>
   </div>
   <div class='ocr_carea' id='block_1_4' title="bbox 0 0 1599 4900">
    <p class='ocr_par' dir='ltr' id='par_1_4' title="bbox 0 0 1599 4900">
     <span class='ocr_line' id='line_1_41' title="bbox 0 0 1599 4900; baseline 0 0"><span class='ocrx_word' id='word_1_243' title='bbox 0 0 1599 4900; x_wconf 95' lang='lat' dir='ltr'><strong> </strong></span> 
     </span>
    </p>
   </div>
  </div>
 </body>
</html>
