3175 4900
569 355 699 404 usses
723 354 964 406 ιιοιιιιιιιιι.
1266 349 1311 413 53

214 497 299 556 sices
313 496 421 556 seliros
434 495 584 556 olintum:
594 517 607 564 ,-
619 506 765 577 corrupts,
776 506 920 577 qusntum
931 518 1068 578 auguror,
1081 518 1119 560 es
1128 503 1226 574 ἑνικὴν
1234 509 1310 563 τελι-

215 599 266 664 rrlv
277 593 436 670 Διμοιρέαν,
445 599 556 652 remoto
568 592 740 652 Hesussstri
751 595 851 666 Besso,
860 595 1003 674 reliqum
1013 597 1167 658 lhissrtcsn
1209 598 1289 659 Note
1301 618 1309 657 ε

216 687 328 748 Versus
341 687 428 746 certis
447 686 573 767 pedibus
595 687 720 767 alligati,
742 689 792 766 qui
812 689 1089 752 Monoschemstisti
1106 693 1242 766 nudiunt,
1258 713 1311 772 per

217 785 347 864 syllabus
362 784 507 843 numerari
520 785 689 862 patiuntur:
711 785 790 844 unde
810 784 991 864 Sapphicum
1002 787 1244 868 Pentssyllnbum
1258 807 1311 848 vo·

217 892 310 942 cetur.
352 879 476 940 Musici:
490 879 727 941 Chorinmbicum
745 881 964 942 Monomctrum
981 883 1270 963 Hyperestniectum.

257 979 286 1034 2.
308 975 525 1035 Archilochium
554 976 799 1055 Heptusyllsbum
824 987 943 1038 constet
964 998 1000 1038 ex
1025 979 1096 1040 ani
1114 981 1160 1040 rel
1183 980 1312 1060 Dipodie

218 1069 372 1148 Dactylicn
395 1087 462 1128 cunr
484 1068 642 1148 semipede.
686 1070 849 1131 Dimetrum
871 1072 1058 1153 Dsctylicnm
1082 1076 1312 1155 Hypercntslec·
1404 1122 1408 1128 ⁴

217 1176 290 1224 tum.
325 1165 497 1224 Cresuroex
510 1163 654 1242 superiori
667 1175 750 1244 purte
761 1167 1204 1231 HesnmetriPenthemimeres.
1236 1172 1312 1230 Sub·

218 1259 343 1320 nectitur
359 1259 607 1330 Heremctro,1v.
624 1258 684 1320 οι1.
700 1264 730 1322 7.

258 1358 286 1414 3.
308 1353 527 1416 Phereemtium
541 1356 579 1414 nb
592 1356 754 1417 inventore.
797 1356 988 1420 Pherecrates
1002 1359 1031 1419 in
1044 1360 1190 1422 Corinno:

544 1447 668 1528 'Auipcr
681 1454 819 1532 πρόσχω
832 1454 882 1514 τὸν
895 1462 962 1514 νοῦν

548 1547 725 1623 Ἐξενρήμανι
743 1553 828 1629 sarri

553 1641 737 1718 Eupsrirrrcrs
749 1645 944 1704 ἀναπαίστοις.

218 1739 336 1799 Plocius
352 1737 665 1798 Monoschemstistum
683 1750 788 1798 vocnt:
804 1739 893 1800 hehet
905 1741 981 1800 cuim
993 1740 1124 1820 pedesin
1135 1741 1240 1802 eodem
1253 1743 1312 1802 situ

217 1833 419 1903 invariabiles:
445 1843 479 1892 ut
498 1832 549 1911 qui
566 1833 655 1911 justu
676 1832 894 1895 Grammaticos
912 1834 1029 1896 duobus
1050 1837 1119 1896 hinc
1132 1837 1203 1897 inde
1216 1838 1313 1916 Spon-

218 1931 291 1990 doeis
306 1928 465 2010 Dactylum
478 1947 593 2007 semper
603 1927 758 2007 interjicint
768 1928 917 1998 medinm:
932 1929 1054 1990 undeet
1066 1931 1311 2010 Heptesyllabunr

218 2027 280 2087 lieri
295 2043 418 2086 necesse
431 2033 488 2085 est.
530 2009 618 2092 Quod
633 2023 717 2083 addit
729 2024 808 2084 idem
822 2026 896 2085 elios
911 2026 1119 2106 Symptycton,
1139 2026 1213 2086 elios
1231 2027 1311 2086 Ane-

219 2121 372 2200 paesticum
386 2119 495 2190 dicere,
508 2137 610 2178 vereor
623 2131 657 2178 ut
671 2119 803 2180 eltenrtri
816 2118 888 2198 quid
903 2121 960 2181 sibi
972 2121 1075 2193 veiint,
1089 2122 1162 2180 setis
1176 2123 1313 2181 intellex-

219 2219 311 2277 erint:
340 2235 395 2275 nec
415 2216 492 2274 enim
518 2214 702 2274 Pherecratis
723 2215 813 2275 verbe
832 2214 871 2275 de
890 2216 968 2294 peric
987 2218 1150 2297 Annpresto
1163 2218 1311 2297 ceperim:

219 2334 285 2374 corn
307 2311 499 2392 llephmstion
516 2311 659 2370 Metricos
674 2311 896 2371 Pherecratium
917 2312 1190 2392 Hephthemimeres
1211 2314 1314 2374 Antis·

219 2409 332 2491 postico
346 2407 447 2489 generi
461 2405 599 2478 vindicet,
619 2405 660 2465 ite
680 2405 794 2467 scilicet
815 2407 939 2486 partitur
958 2417 992 2468 ut
1006 2407 1162 2489 Epitritnm
1176 2419 1313 2489 questum

220 2506 385 2585 complicet,
408 2522 476 2563 cum
497 2502 621 2583 Epitrito
635 2504 728 2581 primo
742 2502 828 2582 cujus
841 2504 945 2564 ultime
957 2504 1066 2565 delicit.
1106 2506 1314 2579 Δικαιὰληιτον

219 2610 308 2662 vocet
321 2609 352 2661 et
363 2601 553 2675 ἂσινάρτηων
566 2606 635 2659 surh
652 2600 847 2670 ἀνιιιιάθιιιιν,
869 2601 939 2677 quis
954 2600 1147 2661 Trochsiesm
1160 2611 1313 2681 protomen

219 2696 334 2758 claudit
357 2694 487 2755 lembice
509 2692 670 2753 estslexis:
695 2712 762 2752 cum
776 2694 825 2753 hm
837 2696 1061 2774 conjugationes
1076 2696 1131 2755 sibi
1146 2706 1248 2755 mutuo
1262 2696 1315 2755 sri-

220 2800 383 2853 rersentur.
425 2786 700 2868 Sesquiseptenerie
713 2787 850 2849 clausule
869 2789 985 2864 dicitur,
1002 2789 1085 2870 quod
1098 2790 1192 2849 tribus
1206 2789 1314 2871 dissyl-

219 2887 296 2948 lnbis
309 2884 434 2965 pedibus
448 2884 567 2943 bisectis
582 2883 706 2943 accedat
725 2884 862 2963 semiper.
902 2886 1072 2946 'Avururrrr
1095 2886 1143 2946 hic
1165 2886 1196 2946 id
1216 2885 1314 2946 rulere

220 2980 335 3042 ridetur
348 2979 430 3059 quod
443 2980 473 3038 in
489 2978 595 3038 ionicis
609 2978 793 3038 Ἀνάκλιισιε.
836 2978 894 3039 Pes
915 2980 994 3039 enim
1014 2988 1128 3058 reptem
1150 2991 1315 3059 temporum

221 3096 288 3139 enm
301 3077 377 3157 pede
389 3077 521 3156 quinque
534 3084 698 3152 temporum
712 3074 799 3133 simul
814 3075 903 3133 sumti
914 3084 1024 3154 punctu
1032 3074 1193 3134 conficiunt
1201 3074 1314 3135 duode-

221 3172 299 3241 cim:
316 3183 348 3232 ut
361 3172 536 3241 Dimetrum‚
549 3168 682 3249 quamvis
698 3167 814 3247 syllaba
827 3166 955 3239 deficiat,
976 3180 1073 3228 temen
1087 3169 1230 3247 perhanc
1243 3170 1314 3248 Epi-

221 3270 327 3349 plocen
351 3267 432 3326 velut
457 3284 495 3325 ex
523 3264 744 3343 repercussione
766 3264 866 3342 justos
894 3264 1030 3323 nbsclrst
1053 3282 1199 3322 numeros.
1242 3264 1317 3324 Post

223 3362 419 3443 Asclepiades
431 3362 502 3421 bine
514 3361 634 3440 ponitur
647 3370 789 3440 sequente
803 3358 961 3439 Glyconis.
979 3380 1002 3420 1.
1017 3358 1077 3421 Od.
1091 3362 1122 3420 5.
1139 3361 1186 3418 14.
1198 3360 1249 3418 sl.
1263 3360 1314 3420 23.

223 3470 254 3519 et
267 3479 321 3519 111.
333 3457 393 3519 Od.
409 3460 437 3517 7.
450 3459 498 3517 1³.

263 3560 292 3615 4.
314 3551 491 3633 Glyconium
506 3551 731 3632 Oetesyllcbum
742 3570 751 3618 ι
764 3551 881 3610 duobus
896 3548 1031 3630 Dactylir
1043 3548 1224 3629 Spondrcum
1240 3570 1315 3631 prse-

218 3649 303 3728 jscit.
344 3648 454 3709 locum
477 3647 597 3707 sortitur
619 3645 697 3725 epod
713 3647 819 3707 Horet.
834 3646 880 3705 vel
894 3654 963 3705 unte
976 3644 1096 3724 singule
1109 3646 1316 3725 Asclepiades,

223 3746 270 3803 rel
282 3745 433 3824 posthinc
446 3762 513 3803 enm
527 3740 727 3815 Pherecratio,
738 3738 785 3800 rel
800 3739 929 3818 denique
946 3750 1015 3817 post
1027 3749 1120 3799 tems.
1156 3740 1315 3817 Hemiepos

224 3840 341 3900 dicitur.
383 3837 606 3898 Animadvertcs
629 3837 700 3897 licet
726 3834 905 3916 Glyconium
924 3832 1110 3895 Pherecratio
1132 3834 1314 3913 premissum

224 3934 369 3996 conticere
382 3933 560 4013 Priapeium,
574 3932 724 4012 quomodo
737 3930 894 3990 Catullus:

297 4031 386 4089 Hunc
400 4030 499 4090 lucum
513 4027 565 4088 tibi
577 4026 683 4087 dedico
698 4042 909 4103 consecroque,
924 4022 1041 4101 Prinpe.

225 4124 383 4206 Virgilius:

298 4220 356 4281 Cui
371 4238 429 4281 nou
445 4218 544 4281 dictus
559 4216 653 4298 Hylas
667 4234 740 4297 puer
752 4224 784 4277 et
798 4214 923 4276 Lemnis
935 4210 1049 4272 Deleri
