3175 4900
670 405 845 453 ucaarrr.
1259 391 1303 456 el

204 547 239 610 in
256 545 406 612 Pantheo
418 551 551 612 suus.
581 545 649 612 Dio
669 563 751 612 orrr.
766 553 853 611 extr.
870 563 942 612 err.
958 567 1007 632 pr.
1051 548 1140 613 Haec
1153 547 1307 632 prodigia

206 650 418 712 occasionem
432 648 570 713 dedisse
584 648 740 712 ridentur
757 666 781 712 ι.
797 648 864 722 Qu.
876 648 909 714 2.
924 651 1002 714 licet
1016 649 1230 714 mauiiestum
1245 653 1305 727 sit,

205 751 453 814 commemorari
467 767 535 812 non
549 749 612 814 illa
626 749 712 827 sola,
727 751 785 814 sed
806 749 903 834 plura
917 751 1017 816 simul
1032 751 1113 828 alia,
1126 771 1203 833 qnae
1218 769 1307 834 prte-

206 851 395 914 ceasissent.
446 848 634 932 Augustum
659 868 770 914 rerum
795 854 938 933 potitum
966 871 1041 916 cum
1071 852 1306 918 commendare

206 950 306 1016 vellet
318 949 432 1035 poeta,
446 956 614 1034 tamqnam
629 967 714 1029 eum,
728 951 788 1033 qni
810 953 1068 1035 rempublicam,
1082 953 1183 1018 bellio
1195 953 1305 1019 cirili·

206 1052 455 1136 bmjactatam,
474 1052 686 1132 restituturus
700 1061 809 1133 essen
823 1054 919 1119 bella
935 1061 1046 1118 autem
1062 1053 1179 1118 civilia
1192 1054 1306 1120 decla·

205 1155 270 1216 rari
297 1151 442 1216 solerent
464 1171 523 1235 per
544 1149 627 1237 ἄγος,
643 1154 733 1237 quod
757 1156 951 1237 expiatione
973 1154 1145 1238 indigeret,
1161 1155 1308 1240 denique

206 1253 360 1335 prodigia
375 1272 396 1317 a
410 1254 513 1335 longo
525 1254 603 1317 inde
617 1260 769 1336 tempore
780 1256 952 1320 civitatem
966 1257 1052 1340 ιιαγῆ
1064 1262 1100 1320 et
1111 1258 1306 1342 expiatione

207 1361 353 1436 egentem
376 1355 598 1436 iudicasseut3
632 1355 817 1437 Augustum
841 1375 915 1420 eum
937 1376 1014 1421 esse
1035 1365 1230 1438 auguratur,
1247 1359 1306 1442 qui

206 1455 368 1540 καθαρμοῖς,
384 1456 633 1539 expiationibus
647 1457 808 1542 publicis,
821 1457 1063 1540 rempublicam
1083 1459 1220 1542 piaculo
1235 1462 1306 1525 exi·

207 1563 321 1622 meret.
367 1557 406 1622 ln
419 1558 543 1642 quibus
558 1557 761 1622 redeundum
784 1567 838 1624 est
859 1559 902 1622 ad
926 1558 1086 1624 notiones
1102 1567 1250 1624 veterum
1264 1562 1309 1627 (le

206 1658 432 1725 calamitatum
446 1659 655 1741 publicarum
669 1678 774 1725 causa
788 1661 833 1724 ab
851 1662 902 1724 ira
923 1659 1071 1725 Deorum
1093 1662 1250 1744 repetita,
1262 1681 1308 1728 ex

207 1764 371 1842 concepto
392 1759 538 1842 piaculo,
557 1763 591 1824 et
617 1761 658 1825 de
683 1761 883 1826 necessitate
905 1761 1147 1844 expiationum.
1191 1761 1307 1844 Plora,

207 1879 283 1944 quae
297 1878 431 1926 carmen
446 1861 489 1924 ad
504 1862 536 1925 b.
552 1881 584 1926 a.
598 1863 716 1926 reterre
731 1863 908 1938 suadeant,
922 1862 958 1926 in
973 1861 1076 1928 (ibes.
1091 1865 1290 1931 monuimus.

250 1961 433 2046 Conjurant
445 1963 480 2026 io
494 1961 684 2045 Augustum
704 1963 857 2030 licinius
871 1961 983 2030 Varro
996 1961 1153 2028 Muraena
1169 1976 1203 2053 et
1219 1966 1308 2032 Fan·

206 2063 280 2128 nius
295 2061 428 2147 Caepio.
471 2063 642 2146 Augustus
656 2066 691 2127 iu
707 2063 856 2130 Siciliam
868 2065 939 2129 abit
956 2062 1043 2150 (Dio
1057 2080 1133 2127 niv.
1145 2065 1205 2146 6.),
1221 2067 1308 2133 unde

207 2165 242 2228 in
266 2162 410 2228 Parthos
432 2165 642 2247 protecturus
661 2171 808 2249 putatur.
852 2167 962 2231 Panlo
978 2172 1057 2229 ante
1071 2165 1157 2229 hanc
1178 2169 1308 2251 protec-

208 2262 336 2335 tionem
349 2265 477 2349 scripta
490 2265 623 2331 videtur
640 2285 664 2330 ι.
679 2267 785 2350 Epist.
799 2257 848 2332 9.

189 2504 191 2509 -
242 2502 248 2514 .
317 2452 361 2521 U.
384 2454 422 2521 C.
443 2454 519 2521 733.
556 2452 606 2517 Μ.
621 2454 766 2519 Lollius.
800 2452 844 2532 Q.
859 2452 1018 2519 AEmilius
1037 2452 1202 2538 lapidus.

551 2554 595 2620 Α.
606 2554 646 2621 C.
661 2557 714 2621 21.
738 2555 876 2620 Horatii
890 2558 946 2639 pp.

214 2696 218 2705 ·
251 2674 385 2757 Scripta
410 2672 475 2738 boc
503 2692 591 2739 anno
614 2690 639 2738 1.
656 2672 764 2756 Epist.
784 2672 839 2737 2⁰.
883 2669 1057 2756 Augustus
1071 2674 1106 2736 ln
1125 2670 1308 2752 Graeciam,

208 2774 284 2839 binc
295 2775 329 2839 in
345 2773 484 2838 Samum
498 2774 645 2856 navigat,
660 2772 776 2856 ibique
791 2772 936 2856 hyemat.
963 2771 1083 2837 Medio
1099 2793 1189 2837 anno
1204 2777 1309 2858 scrip·

208 2886 278 2940 tum
294 2872 404 2941 Germ.
421 2890 478 2938 ιιι.
493 2874 547 2939 29.
570 2874 613 2939 etl
641 2873 876 2951 Maecenatem,
897 2874 1036 2938 absente
1051 2874 1205 2957 Augusto
1223 2874 1310 2939 Urbi

208 2977 414 3059 prefectum.
459 2974 545 3039 Item
559 2973 684 3037 reseras
697 2973 762 3040 buc
777 2972 888 3038 Cam.
902 2991 943 3037 ιι.
958 2975 1012 3038 13.
1027 2975 1117 3057 qnod
1131 2994 1218 3039 anno
1232 2982 1311 3039 anto

212 3092 269 3141 ιιι.
283 3075 315 3139 8.
331 3076 494 3156 scriptum
510 3092 598 3151 esse,
614 3080 744 3137 constat
760 3092 806 3136 ex
820 3074 919 3156 hujus
932 3093 983 3136 ve.
996 3074 1029 3136 9.

323 3261 366 3325 U.
391 3258 430 3327 C.
454 3261 529 3327 734.
576 3260 626 3325 Μ.
654 3260 830 3344 Apuleius.
877 3259 918 3324 P.
938 3259 1042 3326 Silius
1070 3260 1192 3328 Nerva.

535 3361 704 3427 abab
737 3360 869 3426 Horatii
883 3366 938 3444 il·

253 3480 384 3556 Asiam,
408 3480 618 3565 Bytbyniam,
635 3478 768 3560 Syriam
787 3476 963 3560 Augustus
984 3476 1107 3542 inrisit
1146 3477 1310 3544 Pbraates
1400 3476 1403 3480 ’

211 3584 304 3664 signa
319 3581 473 3664 Augusto
499 3590 534 3645 et
555 3580 708 3662 captivos
730 3577 889 3658 remittit3
914 3578 983 3642 Dio
1008 3591 1084 3643 ιιι.
1103 3576 1136 3642 8.
1179 3578 1232 3645 Ea
1256 3599 1311 3646 res

211 3682 396 3763 magnificis
412 3681 522 3745 verbis
536 3700 558 3746 a
572 3678 690 3744 Poetis
704 3681 816 3744 ornari
831 3679 928 3747 solet.
963 3678 1161 3763 loquuntur
1174 3678 1219 3744 de
1230 3680 1311 3746 Par·

210 3784 276 3848 tbis
292 3782 487 3866 profligatis,
501 3781 664 3856 subactis,
676 3779 826 3857 domitis,
838 3780 883 3845 de
896 3798 1015 3844 everso
1030 3800 1147 3845 eorum
1160 3782 1311 3863 imperio,

213 3884 255 3949 tle
280 3882 418 3948 Oriente
442 3880 624 3958 debellato,
650 3881 693 3945 de
716 3880 864 3945 Phraate
877 3880 1025 3963 Augusti
1046 3881 1091 3946 ad
1110 3881 1217 3964 pedes
1236 3898 1312 3965 pro-

212 3986 395 4063 cumbente,
412 3986 455 4049 ab
469 4002 578 4067 eoque
585 3982 646 4067 jus
668 3982 827 4064 regnandi
852 3983 1049 4065 accipiente,
1069 3986 1131 4046 tw.
1172 3981 1262 4047 Turn
1275 3991 1311 4046 et

214 4086 304 4149 Daci
322 4102 362 4150 ec
377 4086 552 4162 Sarmatae,
575 4084 698 4167 aliique
713 4082 795 4148 lstri
810 4083 947 4159 accola,
962 4084 1123 4149 continuo
1136 4099 1312 4147 excurren·

135 4174 139 4181 ’
215 4192 267 4251 tos
286 4188 319 4250 io
340 4185 421 4249 finos
436 4184 611 4250 Romam
630 4204 692 4269 per
715 4185 893 4250 lentulum
916 4183 1131 4265 coerceutun
1155 4182 1243 4248 Flor.
1260 4200 1311 4247 tv.
