3175 4900
534 412 586 460 Au
609 414 815 462 CARMlNUM
844 415 914 462 Llll.
938 416 961 462 1.

591 698 848 764 EXCURSUS
884 703 928 767 V.

519 897 570 946 ht)
588 897 648 948 OD.
666 897 781 948 XXXV.
813 899 861 948 Va.
879 903 917 949 17.
934 901 994 964 Suq.

209 1087 298 1138 Iocoa
316 1092 422 1154 ntrperia
440 1093 551 1144 virorum
569 1094 703 1144 doctorum
715 1094 935 1157 disputationibus
952 1093 1140 1154 nobiliaaimoa;
1160 1093 1185 1140 in
1198 1105 1248 1154 quo
1260 1105 1305 1140 noa

207 1165 245 1215 ita
256 1172 279 1217 h.
291 1171 308 1220 l.
320 1173 488 1236 versabimur,
497 1180 527 1224 nt
539 1174 659 1236 primum,
668 1187 744 1236 quarn
753 1175 779 1222 in
789 1174 943 1224 Obiervatt.
955 1174 1085 1236 posuimua
1095 1172 1305 1238 explicationem,

207 1248 317 1310 amplioa
329 1250 486 1302 illortremua
497 1261 525 1302 et
536 1251 727 1318 confirmemur,
739 1253 834 1304 deinde
845 1253 1003 1318 attingamoa
1011 1267 1091 1316 anper
1102 1253 1158 1316 ipao
1169 1251 1306 1300 iocosum·

207 1339 307 1375 morum
319 1330 474 1380 criticorum
481 1330 593 1395 judicia.

241 1406 335 1472 Clamo,
352 1425 444 1471 canem,
462 1427 556 1476 armna,
574 1413 734 1476 lipaidxmxa
749 1413 880 1476 planiam,
896 1411 1026 1461 firmitatia
1038 1417 1064 1459 et
1080 1408 1305 1472 immutabilitatis,

206 1485 285 1532 cluana
295 1495 322 1536 et
331 1503 415 1539 exneoa
425 1492 504 1541 etiam
517 1491 647 1541 violentiae
658 1491 773 1554 symbola
782 1491 894 1555 antiquia
903 1489 981 1540 fultae
989 1490 1107 1541 diximus.
1129 1489 1161 1538 ld
1170 1501 1306 1536 noraermo

207 1563 307 1630 priacua
319 1568 405 1619 docet.
427 1569 504 1633 Apud
516 1571 653 1621 Platonem
664 1570 803 1634 (Phaedon.
816 1584 841 1633 p.
854 1573 895 1618 bb.
908 1569 1042 1633 Francoh)
1056 1583 1165 1634 quaeque
1179 1569 1306 1632 voluptua,

208 1644 316 1713 quiaque
328 1646 402 1696 dolor
413 1646 421 1673 ‘
431 1649 547 1698 clavom’
562 1650 657 1698 babere
668 1650 773 1714 dicitnr,
784 1665 836 1712 qno
848 1651 951 1712 corpori
964 1653 1075 1700 animum
1087 1647 1186 1712 affigat:
1200 1647 1307 1708 ‘Eudora

207 1721 279 1782 ἡδονὴ
289 1723 328 1774 xal
337 1726 411 1784 hia-n,
422 1727 501 1794 ὅπερ
511 1725 571 1786 ἧλον
581 1727 672 1790 ἔχουσα
680 1731 798 1790 προσηλοῖ
805 1728 880 1789 alrrlpr
886 1729 990 1794 (ψυχὴν)
999 1729 1056 1793 πρὸς
1066 1729 1096 1778 rb
1106 1727 1173 1790 σῐνμο
1184 1727 1222 1778 troi
1233 1745 1306 1789 προο-

207 1805 305 1866 πςρονᾷ,
325 1806 349 1853 b.
362 1821 385 1854 e.
402 1808 545 1856 arctiaaime
563 1809 680 1860 annectit
698 1823 754 1858 eam
772 1809 884 1872 corpori,
903 1810 1029 1872 imprerao
1041 1823 1091 1858 nou
1103 1809 1218 1858 evitabili
1231 1822 1306 1858 aeuau

208 1896 307 1948 eornm,
324 1901 381 1949 quae
400 1887 426 1935 iu
443 1902 551 1952 corpora
570 1889 645 1938 litent·
676 1891 790 1938 Eandem
805 1889 965 1940 animaecnm
978 1903 1084 1953 corpore
1097 1888 1306 1952 conjunctionem
1348 1933 1352 1944 ,

209 1964 349 2027 ἐξάνάγκης
360 1980 417 2018 eaae
428 1968 531 2019 dixerat
543 1971 570 2019 iu
580 1971 677 2020 Timeo
696 1986 722 2035 p.
735 1975 806 2021 1⁰5⁴.
824 1971 849 2019 iu
869 1985 920 2034 qno
938 1971 1030 2020 eodem
1052 1985 1076 2033 p.
1088 1975 1161 2020 1656.
1194 1968 1308 2030 Δαίμονος

207 2045 345 2097 inferiorea
357 2050 473 2112 corporis
484 2051 588 2100 lartmani
605 2052 745 2114 particular
757 2050 882 2112 coliigunt
895 2049 1003 2113 ἀοράτως
1013 2051 1108 2099 πυκνοῖς
1117 2049 1226 2110 γόμφοις,
1239 2048 1306 2114 qnod

210 2127 265 2176 Cic.
278 2127 311 2176 de
322 2128 445 2180 Univera.
457 2135 495 2180 ib·
508 2131 658 2180 tranatulit:
675 2130 764 2180 crebro
775 2134 887 2192 ωςοιςοος
896 2131 998 2180 caucalis
1006 2131 1112 2180 inrartia.
1146 2129 1243 2178 ‘Claro
1255 2139 1307 2178 tra·

209 2205 261 2254 bali
277 2205 370 2271 figere’
386 2210 493 2274 antiquo
504 2225 622 2260 aermone
633 2212 726 2260 Latino
737 2219 796 2260 erat
807 2209 906 2258 tirmom
918 2219 946 2259 ct
958 2210 1115 2258 immutabile
1127 2206 1239 2259 efficere.
1273 2210 1306 2256 V.

208 2300 232 2335 c.
244 2287 299 2338 Cic.
310 2290 384 2338 Verr.
396 2303 422 2338 v.
433 2294 475 2341 bl.
491 2292 545 2340 ‘Ut
557 2294 604 2339 hoc
620 2290 775 2340 beneficium
794 2289 890 2339 trabali
910 2290 984 2338 clavo
1001 2287 1112 2354 figeret!
1148 2288 1253 2335 Petrun.
1264 2291 1306 2336 86.

206 2365 312 2431 ‘Norti,
329 2369 397 2433 quod
415 2368 490 2418 aimol
511 2370 649 2425 destinavi,
669 2371 742 2418 clavo
762 2369 854 2418 trabali
868 2367 946 2416 lixum
959 2368 1016 2417 eat!
1048 2367 1168 2417 Animum
1183 2365 1307 2415 Hectoria

207 2445 369 2511 indomitum,
385 2451 459 2512 cujtra
478 2451 608 2500 violentiae
625 2452 660 2499 nil
673 2458 761 2513 puteat
773 2449 906 2509 malatera,
924 2456 1057 2511 comparat
1072 2447 1145 2497 Paria
1155 2463 1197 2510 ap.
1211 2445 1307 2495 ilume-

209 2540 265 2577 rum
284 2542 341 2577 com
359 2526 481 2593 ‘aecum’
495 2533 578 2579 omnia
597 2537 760 2594 penetrante,
780 2530 811 2579 ll.
823 2535 848 2580 Γ.
859 2533 900 2577 66.
911 2542 967 2593 aqq.
999 2529 1042 2578 De
1054 2528 1142 2589 liquido
1150 2526 1244 2591 plumbo
1255 2540 1307 2573 me·

209 2607 340 2656 mutabilia
350 2610 423 2663 locoa
434 2610 524 2671 Enrip·
533 2609 657 2660 Androm.
667 2614 725 2658 266.
739 2607 829 2668 iiddnr'
841 2608 929 2670 tapeto,
939 2607 977 2657 nol
988 2608 1035 2671 γὰρ
1046 2606 1066 2656 vl
1075 2605 1140 2671 rripit
1150 2606 1174 2654 α’
1185 2604 1237 2667 lxvi
1246 2612 1307 2663 τηκ-

209 2684 251 2734 rlr
268 2685 394 2751 μόλυβδος,
411 2688 595 2753 ommino&
607 2690 662 2751 ἐγό.
695 2690 760 2739 Tum
771 2696 799 2738 et
810 2690 844 2737 de
856 2690 914 2738 Fati
926 2703 946 2737 a·
965 2688 1137 2739 Neceaaitatia
1155 2687 1179 2735 vi
1198 2695 1224 2736 et
1241 2687 1308 2735 inso-

209 2766 281 2815 lubili
295 2777 321 2818 et
333 2770 500 2833 inanpcrubill
510 2772 607 2819 clauict
616 2771 685 2818 canei
693 2770 764 2818 obvii
772 2776 833 2819 aunt
844 2770 869 2817 iu
882 2770 968 2831 prineo
980 2781 1098 2817 aermona
1109 2764 1222 2829 politico.
1247 2766 1310 2815 Pitt-

210 2847 266 2896 dar.
280 2848 359 2912 Pyth.
370 2857 400 2899 Δ.
413 2854 469 2900 12⁵.
493 2850 534 2899 Τίς
545 2849 570 2899 di
579 2848 684 2899 drawa:
693 2851 816 2912 κρατεροῖς
826 2846 959 2907 marmor
969 2849 1041 2905 δῆσεν
1049 2845 1131 2907 dhorn
1144 2844 1260 2907 θέσφατον
1270 2842 1308 2903 ἦν,

209 2946 233 2977 x.
245 2946 269 2977 r.
280 2938 307 2979 λ.
343 2931 411 2985 Quod
422 2945 478 2979 uero
486 2930 616 2993 periculam
626 2930 712 2979 uniidia
722 2944 753 2979 ca
763 2932 888 2979 momente
899 2942 944 2979 coa
956 2923 1146 2990 (Argonautica)
1157 2926 1206 2975 aibi
1222 2926 1308 2987 alligo-

209 3010 245 3057 uit
256 3024 276 3059 a.
287 3012 366 3075 affixit
376 3008 465 3061 eloah?
482 3012 545 3059 Erat
556 3011 659 3073 infolio,
669 3011 710 3071 φο.
728 3010 752 3057 lr.
762 3024 787 3057 e.
799 3023 856 3071 quar
870 3008 1020 3057 Neceaaitaa
1031 3020 1074 3055 eoa
1086 3005 1118 3052 ad
1130 3005 1195 3053 hanc
1208 3005 1308 3066 pericn-

210 3088 292 3138 loaam
302 3090 494 3151 expeditionem
505 3088 649 3137 faciendam
662 3089 687 3136 xi
699 3086 860 3135 ineluctabili
873 3085 976 3149 adegit?
1008 3084 1105 3135 Similia
1124 3083 1226 3132 Horatii
1238 3083 1308 3147 locua

211 3178 251 3219 eat
264 3183 307 3217 rit.
321 3169 372 3217 (ld.
384 3174 425 3217 at.
436 3175 460 3217 6.

246 3250 361 3298 Fuerunt
374 3249 448 3297 molti
463 3247 553 3313 lntpp.
566 3250 609 3314 qni
622 3247 654 3298 ad
665 3247 851 3310 attpplicioruru
864 3246 1003 3307 crttciatua,
1012 3260 1033 3294 a.
1042 3248 1172 3293 tormenta
1180 3238 1309 3289 referrent

210 3331 390 3383 instromenta.
407 3344 465 3393 qna
488 3337 575 3393 geaten
593 3330 753 3380 Neceaaitas.
787 3328 872 3375 ctoaoa
887 3325 990 3374 trabolea
1008 3324 1081 3373 aiunt
1097 3336 1153 3371 eaae
1173 3322 1273 3382 σφῆνας,
1289 3336 1309 3368 ς.

210 3410 327 3473 γόμφους,
346 3411 388 3475 qni
408 3425 454 3473 per
474 3424 569 3473 corpur
588 3410 765 3459 damnatorum
785 3406 882 3465 adacti,
900 3406 941 3455 vel
960 3405 1053 3469 quibua
1069 3402 1139 3453 cruci
1156 3399 1225 3452 affixi
1239 3400 1308 3449 aiut:

210 3492 290 3541 caaeia
302 3491 417 3541 Caricaao
427 3489 532 3541 affixarrn
544 3505 601 3539 caaa
612 3490 795 3539 Prometheum
807 3488 877 3552 (Cic.
894 3485 997 3535 Tuaeul.
1011 3496 1043 3533 tt.
1055 3482 1108 3547 9.):
1125 3497 1191 3537 aare,
1211 3478 1310 3543 gutturi

212 3570 303 3627 infixo.
315 3578 412 3621 tractor
423 3586 480 3621 eaae
492 3578 615 3621 nocenter
626 3571 652 3619 ln
662 3571 760 3633 ignaru,
770 3569 803 3617 ad
816 3569 898 3618 acalaa
917 3566 1057 3630 gemoniua,
1070 3566 1096 3613 in
1107 3563 1231 3622 Tiberim,
1241 3561 1311 3625 (Cic.-

212 3665 259 3715 pro
276 3652 304 3700 C.
319 3651 406 3700 Rabir.
418 3655 458 3701 lo.
478 3651 594 3715 Philipp.
605 3666 625 3701 ι.
637 3656 662 3701 b.
677 3651 901 3700 invencione.
920 3646 983 3707 dac.)
1000 3644 1124 3708 liquefacto
1142 3642 1235 3707 plumbo
1253 3654 1311 3689 reoa

212 3744 267 3779 erae
279 3732 389 3794 punitor.
418 3730 469 3779 Sed
480 3731 529 3780 boc
541 3731 658 3781 ultimum
669 3744 719 3779 nou
731 3730 781 3779 ulai
793 3744 826 3779 cx
838 3727 942 3791 Acrone
954 3734 981 3775 et
991 3724 1186 3787 Martyrologiia
1197 3728 1311 3779 annrnnt,
1346 3782 1354 3788 ι

213 3811 304 3861 Romte
315 3813 436 3861 unitatum
447 3811 603 3873 auppliciom
615 3809 706 3872 suinae,
724 3823 774 3857 nou
795 3814 903 3872 posanut
923 3804 1079 3863 uateudere;
1096 3798 1311 3866 quemadmodum

212 3898 241 3941 et
252 3891 314 3940 illud
327 3892 358 3939 de
369 3892 457 3941 crrueia
469 3890 619 3939 Promethei
633 3890 710 3952 paulo
720 3889 800 3939 altina
812 3896 851 3936 eat
864 3886 1021 3948 repetitum
1037 3898 1093 3945 qum
1106 3895 1148 3931 rea
1156 3881 1211 3942 jam
1225 3879 1312 3925 aduro·

213 3972 273 4019 dum
285 3980 431 4031 auapcctam
444 3971 509 4018 hauc
520 3970 721 4033 explicationem
731 3967 828 4017 reddit.
861 3964 1012 4015 Sanadonua
1024 3978 1079 4011 eam
1092 3961 1188 4021 accipit
1198 3956 1312 4021 quidem,

213 4049 259 4098 aed
279 4063 383 4112 gravem
396 4050 621 4112 reprehenaiouem
635 4048 720 4111 poiitta
737 4046 827 4095 addit:
846 4044 896 4094 ‘Je
919 4058 950 4090 ue
972 4042 1028 4105 pola
1047 4037 1165 4099 aouffrir,’
1184 4034 1312 4099 inqoieuv,

214 4128 277 4177 ‘cet
289 4128 386 4177 attirail
399 4128 554 4191 patibuluire
566 4129 599 4177 de
609 4129 690 4191 cluna,
701 4126 736 4175 de
746 4125 828 4189 colna,
840 4124 873 4171 de
884 4136 958 4171 cruca
970 4127 998 4171 et
1010 4121 1042 4171 de
1055 4117 1140 4183 plomb
1150 4115 1239 4165 l'ourlu.
1259 4112 1313 4165 J'ai

213 4221 259 4258 cro
274 4222 305 4255 eu
316 4205 408 4259 devoir
421 4206 564 4273 decharger
574 4208 600 4257 la
612 4206 769 4269 traductiuu,
779 4217 811 4252 en
823 4200 979 4251 airbrtttoaut
990 4200 1026 4249 lea
1038 4197 1108 4247 ideea
1120 4193 1314 4261 generatorio:
