3175 4900
287 405 310 470 4
693 419 721 467 r.
746 419 785 464 n.
809 417 973 467 cssnsnr

286 563 440 629 licentius
456 562 668 635 derivantem,
685 579 776 644 saepe
799 561 842 625 ad
859 561 1019 636 Fabulas,
1037 559 1218 637 Historias,
1231 557 1383 643 Geogra·

198 673 201 681 “
287 664 412 748 phiam,
425 663 660 746 GenealogiaS,
671 661 839 726 Personas
855 681 916 726 sua
926 668 1027 726 aetate
1037 662 1177 740 nobiles,
1188 669 1268 745 post
1279 662 1382 744 paulo

287 766 480 848 ignorantiae
498 765 642 848 quadam
658 773 756 828 nocte
774 764 934 847 sepultas,
950 763 1168 841 alludentem3
1191 762 1313 845 quibus
1325 767 1383 825 ne:

288 885 353 951 que
367 872 473 941 vacet,
487 884 595 949 neque
610 865 696 928 alias
711 866 872 945 integrum
888 863 935 926 sit
949 863 992 927 ad
1011 863 1096 926 allos
1110 862 1212 926 libros
1226 863 1382 939 transire,

287 985 425 1048 magnos
447 965 705 1038 commentarios
726 963 874 1041 volvere,
901 962 961 1047 qui
990 963 1174 1044 praesertim
1203 961 1383 1026 destituant

287 1085 390 1150 saepe,
405 1066 462 1132 ubi
487 1065 623 1127 minime
648 1082 736 1146 opus
757 1069 839 1139 erat,
864 1063 1061 1141 studiosos3
1082 1064 1146 1127 hec
1167 1078 1244 1145 ergo
1267 1062 1382 1127 condi-

286 1170 378 1232 tione
395 1185 471 1232 cum
491 1172 526 1228 et
546 1165 653 1248 major
675 1170 709 1227 et
731 1165 875 1229 nobilior
894 1183 974 1248 pars
988 1167 1035 1228 sit
1049 1165 1211 1229 lectorum
1227 1163 1382 1244 Horatii;

287 1267 438 1352 optabile
463 1284 544 1329 sene
579 1270 651 1328 erat
681 1265 797 1330 talium
823 1265 1066 1348 exemplarium
1094 1272 1212 1329 extare
1239 1267 1382 1349 copiam,

287 1387 365 1452 quoe
375 1368 503 1442 breves,
513 1383 554 1429 ne
567 1373 703 1430 onerent
714 1374 749 1429 et
761 1365 855 1430 velut
870 1367 1012 1430 obruant
1022 1368 1132 1451 ipsum
1143 1363 1298 1443 Potitum,
1309 1367 1381 1445 sed,

287 1480 450 1552 quantum
463 1469 617 1549 praestari
639 1471 759 1550 potest,
773 1467 881 1532 bonas
894 1469 1186 1553 interpretationes
1204 1486 1317 1531 eorum
1333 1467 1382 1531 lo·

286 1568 568 1635 cornmhebeaut·
1116 1583 1121 1598 ¹

330 1670 532 1753 spectabant
543 1668 607 1733 boc
622 1669 800 1753 prudentes
816 1670 878 1734 viri
893 1671 952 1753 qui
976 1669 1142 1752 Delphino
1166 1676 1237 1733 tum
1254 1686 1329 1744 suo,
1346 1676 1382 1732 et

285 1789 345 1853 per
367 1768 455 1833 bunc
479 1770 642 1834 studiosis
668 1770 819 1854 reliquis,
842 1771 956 1853 pareri
978 1770 1145 1853 jubebant
1172 1787 1297 1845 eornm,
1321 1768 1381 1850 qui

285 1864 432 1934 Glassici
454 1875 623 1949 vocantur,
647 1871 840 1934 Latinorum
866 1857 1073 1953 Scriptorum
1097 1869 1291 1934 Editiouest
1321 1870 1380 1933 sed

156 2031 158 2036 ,
286 1976 444 2056 quantum
465 1972 498 2034 h.
513 1991 544 2036 e.
567 1991 666 2055 quam
688 1989 806 2054 parum
829 1970 981 2053 quidam,
1003 1991 1102 2053 quam
1121 1969 1205 2033 nibil
1229 1970 1380 2054 plerique

282 2072 496 2154 profecerint,
511 2091 604 2156 saepe
615 2073 685 2155 jam
701 2073 852 2136 homines
868 2073 990 2136 eruditi
1005 2073 1183 2166 conquesti
1196 2077 1283 2135 sunt.
1368 2096 1373 2104 ¹

328 2171 475 2237 Horatio
496 2173 577 2237 lllud
600 2173 771 2237 commode
796 2181 917 2256 praeter
939 2174 1117 2256 plerosque
1139 2170 1276 2247 accidit,
1290 2171 1382 2254 quod

283 2273 409 2338 inventi
424 2281 500 2338 snut
512 2281 639 2339 mature
653 2273 888 2344 Grammatioi,
898 2276 957 2356 qui
972 2274 1026 2339 rel
1039 2262 1382 2338 nominaflioratiaua

276 2373 384 2438 ‘libris‘
402 2375 616 2457 explicarent,
631 2377 685 2436 rel
707 2375 841 2437 Scholia
862 2384 898 2438 et
919 2374 1160 2438 Annotatioses
1186 2371 1381 2450 scriberent,

284 2476 464 2557 quibusea
486 2477 561 2541 loca
583 2476 803 2552 declararent,
826 2496 902 2558 quas
925 2476 1159 2539 obscuritatem
1174 2474 1321 2557 aliquam
1337 2476 1381 2537 ab

280 2577 339 2652 iis,
365 2596 451 2661 quas
477 2577 735 2645 commemoravi
754 2577 873 2653 modo,
899 2577 1016 2641 causis
1041 2580 1298 2652 contraxerant}
1323 2575 1381 2657 qui

278 2682 483 2760 -praestarent
506 2676 665 2753 Horatio,
689 2676 778 2759 quod
801 2696 865 2741 sno
889 2676 1049 2740 ¹Boilavio
1078 2680 1194 2738 nostra
1221 2676 1382 2739 memoria

284 2778 456 2858 praestitit,
471 2778 514 2840 ab
529 2778 607 2859 ipso
624 2776 762 2859 adjutus
784 2787 936 2852 auctore,
953 2774 1167 2853 Brossettus3
1189 2775 1288 2859 cujus
1302 2762 1382 2839 abs-

283 2895 350 2961 que
366 2872 615 2955 commentario,
630 2880 897 2961 quotusquisque
911 2876 1088 2941 Gallorum
1109 2877 1264 2959 ipsorum
1276 2878 1380 2942 bodie

283 2979 484 3059 intelligeret
513 2978 727 3042 Boilarium‘l
763 2977 1000 3061 Antiquissimi
1027 2997 1104 3061 ergo
1135 2993 1263 3055 eornm,
1292 2983 1380 3061 quo's

282 3079 383 3144 hodie
397 3078 608 3147 Scholiastes
622 3078 760 3160 vulgato
772 3082 904 3144 nomine
918 3080 1138 3162 appellamus,
1149 3079 1278 3143 discere
1293 3080 1379 3142 mul·

276 3186 321 3245 tu
334 3198 377 3245 ex
392 3181 530 3248 senibus
545 3182 600 3246 rel
613 3198 658 3245 ex
671 3181 767 3245 libris
786 3188 950 3265 poterunt,
966 3200 1104 3262 quorum
1119 3187 1381 3263 posteamemo-

284 3281 336 3345 ria
349 3280 530 3345 interoidit.
608 3322 610 3327 -
682 3320 686 3329 ·
1168 3278 1177 3291 ⁴

327 3380 462 3445 Horum
484 3381 514 3442 si
538 3380 638 3443 bodie
661 3380 779 3447 sinceri
806 3384 959 3444 extarent
980 3381 1221 3455 commentarii,
1235 3380 1278 3443 ad
1302 3384 1378 3445 enm

283 3480 428 3557 modum,
443 3484 482 3541 ut
496 3476 639 3541 Asconii
660 3478 801 3543 Pediani
816 3480 973 3561 quaedam
989 3480 1162 3545 Ciceronis
1178 3478 1377 3545 Orationem

282 3580 578 3662 interpretamenta
592 3578 766 3656 babemus,
782 3583 864 3644 mire
884 3582 963 3645 inde
980 3583 1193 3666 adjuvaretur
1203 3582 1378 3664 jucundis-

283 3683 359 3746 simi
375 3680 493 3745 l’obtre
507 3681 730 3763 intelligentia.
776 3682 845 3746 Sed
871 3683 1052 3748 dolendum
1075 3692 1138 3761 est,
1153 3685 1204 3748 ita
1224 3702 1246 3747 a
1268 3692 1378 3766 poste*

281 3784 426 3848 rioribus
448 3781 592 3864 priorum
614 3782 745 3845 labores
770 3802 847 3847 esse
870 3791 1058 3867 corruptos,
1081 3790 1262 3860 balneatos,
1278 3784 1376 3850 inter-

282 3886 426 3968 polatos,
450 3884 499 3947 sti
520 3876 609 3946 nunc
631 3902 718 3967 opus
741 3886 788 3948 sit
808 3886 940 3951 bomine
965 3887 1097 3950 subacti
1118 3886 1225 3950 multo
1253 3904 1314 3947 nsu
1343 3892 1378 3948 et

274 3988 381 4067 'longa
401 3984 645 4049 ‹eonsuetudine¹
662 3984 797 4067 judicii,
820 3988 878 4070 qui
901 3989 1023 4051 veteris
1045 4006 1202 4071 purpurea
1223 3986 1376 4061 lacinias,

283 4086 445 4151 interdum
461 4087 517 4150 vix
533 4086 711 4161 filamentu,
726 4078 841 4151 eruere
862 4106 907 4149 ex
928 4087 1004 4150 istis
1027 4091 1236 4163 centonibus,
1252 4098 1288 4151 et
1300 4088 1376 4151 inde

282 4190 389 4252 lucem
406 4204 501 4251 suam
519 4187 599 4250 dare
618 4185 763 4259 Horatio
778 4188 896 4267 possit.
929 4186 965 4250 Si
981 4187 1061 4268 quis
1073 4189 1150 4252 talis
1163 4188 1376 4251 nanciscatur
