3175 4900
539 438 746 486 oanurnnn
771 440 844 486 ιιι.
869 441 907 486 ιι.
930 425 963 490 2.

338 574 457 660 Crispe
472 577 622 656 Sallusti,
637 580 704 644 uisi
719 587 907 664 temperato

593 681 778 762 Splendeat
791 701 866 745 usn.

338 775 443 842 Vivet
456 785 597 844 extento
613 779 812 846 Proculeius
827 802 900 847 aevo
1278 793 1299 852 5

237 933 244 944 .
339 879 455 944 Notus
470 880 504 944 in
518 880 636 945 lrntrea
651 881 751 944 animi
767 883 892 964 paterni
908 905 916 947 :

208 1057 276 1107 dedet
285 1057 516 1122 nummata,
526 1061 576 1109 nni
592 1075 636 1112 ate
646 1063 744 1123 fulgent
756 1065 883 1113 nodemto·
918 1062 1057 1113 Proculeius
1067 1065 1157 1126 nigelli
1166 1071 1237 1114 atate
1245 1079 1300 1128 pro·

209 1130 302 1195 ιοςιιιιι,
313 1121 449 1184 conspicere
459 1123 487 1172 ol
497 1124 601 1173 mim
617 1139 674 1186 erga
682 1127 778 1186 sratree
786 1133 926 1190 paternam:
941 1127 1008 1176 illam
1020 1127 1089 1188 sona
1105 1132 1214 1190 perennia
1232 1129 1299 1178 velet

667 1252 846 1272 OMOWO

210 1331 249 1379 ire
265 1346 281 1379 e
297 1331 417 1393 volgata:
437 1332 470 1380 N.
479 1338 577 1394 egente
587 1348 609 1382 e.
620 1341 657 1384 ert
673 1335 753 1384 maria
763 1335 795 1384 A.
806 1335 893 1384 terrie.
903 1369 910 1386 .
921 1335 984 1384 min·
995 1339 1123 1397 temperato
1134 1335 1186 1397 Spl.
1196 1349 1220 1383 a.
1246 1335 1299 1385 Sed

209 1395 267 1456 qnia
274 1393 352 1457 jubet
363 1408 421 1443 eum
433 1395 470 1443 ita
481 1396 654 1460 conjungere?
683 1398 792 1447 Interim
804 1399 858 1460 ejrn
869 1400 1015 1460 exemplum
1028 1400 1111 1449 recnti
1121 1400 1215 1447 Venet.
1227 1403 1298 1448 1590.

208 1458 300 1506 Barth.
311 1455 421 1507 Adrerr.
434 1471 533 1509 xxxrr.
545 1466 584 1509 lt.
600 1462 719 1511 Torrent.
731 1461 841 1511 Chabon.
858 1462 948 1511 Helm.
965 1463 1043 1524 linig.
1060 1464 1184 1524 Derprez.
1205 1462 1300 1512 Dacer.

208 1520 297 1571 donea.
307 1526 335 1570 et
346 1522 463 1583 plnrimae
475 1523 551 1573 editt.
561 1532 671 1575 recentt.
682 1526 760 1574 etiam
770 1526 838 1575 sirr.
864 1525 1002 1586 vulgatam
1014 1526 1160 1587 lectionem,
1170 1527 1300 1588 antiquam

208 1585 287 1646 illam,
299 1592 327 1633 et
338 1599 395 1648 qne
406 1585 531 1646 optimum
542 1602 646 1636 aenanm
665 1587 774 1650 praebet,
790 1587 933 1637 detendunt
951 1589 1068 1652 inprimit
1079 1589 1158 1652 Crrrq.
1175 1589 1262 1638 Bentl.
1274 1596 1303 1638 et

208 1648 302 1697 Sanad.
313 1661 421 1712 eamque
433 1650 596 1700 retinuerunt
607 1653 685 1701 etiam
703 1654 816 1714 (prater
829 1652 905 1702 edite
918 1658 981 1701 rett.
993 1660 1054 1701 ante
1070 1651 1174 1714 hamb.)
1192 1653 1295 1702 Fabric.

207 1711 236 1760 'll
247 1711 311 1760 Fal).
323 1713 414 1773 Steplr·
424 1713 490 1761 Cun.
502 1721 529 1762 et
542 1715 620 1765 liant.
638 1715 718 1763 abdito
728 1717 819 1773 terrm,-
830 1717 926 1764 inantea
936 1715 1014 1765 lamna
1025 1722 1065 1764 ert
1076 1715 1177 1764 emend.
1192 1716 1240 1763 (le.
1254 1717 1300 1764 Pa·

209 1775 274 1823 bric.
286 1783 313 1824 et
325 1783 384 1838 port
396 1789 454 1824 enm
466 1791 550 1838 nuper
561 1777 657 1827 Anton.
669 1780 770 1828 Birria·
779 1779 893 1842 Specim.
906 1779 1040 1829 Animadv.
1053 1779 1147 1828 Horat.
1179 1778 1231 1826 Sed
1241 1779 1302 1827 doc·

209 1839 261 1886 tior
272 1845 300 1886 et
315 1839 437 1888 Salinatio
448 1841 545 1898 gratior
561 1841 681 1904 vulgata-⁸
698 1843 767 1891 deiri.
800 1843 897 1892 Atrine
913 1844 984 1892 terrie
1003 1842 1100 1892 tranent
1114 1843 1192 1890 etiam
1204 1844 1300 1892 Venet.

210 1905 281 1950 1⁵⁵⁰.
299 1903 328 1951 ll.
339 1903 427 1963 Steplr.
440 1903 525 1954 Bond.
536 1905 667 1955 Sebrerel.
681 1913 709 1954 et
724 1905 827 1954 Minell.
860 1905 949 1956 Addita
960 1907 1032 1954 terris
1049 1905 1122 1954 Harl.
1136 1910 1159 1953 1.
1170 1909 1195 1952 2.
1207 1910 1231 1954 8.
1241 1911 1265 1954 4.
1277 1911 1302 1955 5.

209 1969 235 2014 d.
252 1965 685 2029 Brod.Mitaelr.Bipont.Wet1el.
697 1969 787 2018 (lomb.
797 1968 902 2017 Wakel'.
912 1975 939 2016 et
954 1967 1032 2017 liidd.
1056 1968 1121 2018 Port
1133 1969 1205 2016 terrie
1216 1970 1302 2016 ilenti.

209 2027 318 2077 minen.
329 2038 356 2079 et
369 2029 450 2079 Kidd.
470 2041 593 2093 punetnnr
612 2039 713 2094 ponunt
724 2033 802 2094 vulgo
814 2032 911 2080 dictum
924 2031 1073 2080 remicoion.
1107 2031 1213 2080 Plurimi
1225 2031 1301 2079 codd.

210 2093 278 2154 apnd
290 2093 395 2142 Marcii.
415 2093 502 2142 Palm.
513 2098 536 2142 1.
547 2099 572 2143 2.
592 2095 663 2157 Llpa.
678 2099 701 2143 Ι.
719 2096 771 2151 aiii,
789 2097 858 2143 lona
873 2097 912 2142 rel
926 2097 1026 2142 lammae,
1059 2093 1155 2143 Eadem
1166 2095 1301 2143 divertitur
1394 2109 1396 2119 ¹

210 2162 251 2203 eet
263 2168 280 2205 r.
297 2157 380 2217 Eplat.
393 2160 434 2204 1⁶.
446 2161 534 2206 ae.-o
551 2156 605 2208 nn.
617 2163 641 2207 l.
661 2165 758 2207 merrae
769 2159 801 2208 P.
810 2173 866 2207 ceno.
900 2157 1008 2206 Menrcl.
1022 2157 1206 2205 Proculeium—6
1223 2158 1300 2206 liant.

209 2219 353 2282 distinguit,
366 2219 594 2284 Notaniefrntrea,
604 2224 645 2285 te.
657 2221 820 2286 lmprnbnute
831 2220 892 2273 Jaui
903 2236 911 2283 ;
923 2227 951 2268 et
963 2223 998 2270 ita
1010 2228 1094 2269 tamen
1104 2220 1204 2270 Wakei.
1215 2222 1267 2270 An.
1277 2225 1302 2270 2.

702 2353 810 2404 Nom

210 2458 256 2493 aen
274 2450 363 2494 ernrtn
379 2445 454 2495 exilia
473 2461 506 2497 ex
527 2462 599 2511 anro,
618 2456 737 2512 argento,
776 2449 890 2511 equestri
902 2456 986 2498 ortum
998 2449 1055 2499 loco
1066 2449 1096 2497 C.
1111 2445 1248 2497 Sallnrtinr
1261 2461 1302 2496 re·

208 2520 294 2568 aliove
312 2522 427 2570 metallor
447 2522 551 2585 ponitur
568 2524 609 2573 iric
627 2538 674 2587 pro
691 2538 736 2587 pe·
775 2536 832 2571 rum
847 2522 1018 2571 Romanarum
1034 2520 1226 2571 florentlnlmur
1242 2532 1301 2570 anc-

209 2594 296 2643 cunia.
313 2594 379 2644 dunt
388 2594 432 2658 qni
444 2602 535 2657 putent
546 2597 625 2647 alludi
636 2596 668 2647 ad
679 2598 688 2625 ‘
699 2613 736 2647 rea
776 2606 818 2647 tor
828 2597 921 2647 rororir
939 2604 1059 2659 nepotem
1077 2599 1103 2646 in
1125 2610 1217 2645 nornen
1238 2597 1303 2645 aecl-

209 2666 389 2717 Sallnatiannm
412 2669 438 2717 in
460 2670 617 2721 centronnm
640 2670 735 2734 Alpino
775 2670 833 2721 vit!
859 2670 936 2720 Hnnc
949 2672 1028 2733 igitur
1042 2670 1130 2719 laudat
1141 2671 1208 2733 qnod
1220 2672 1303 2720 arari·

209 2742 315 2803 tractn,’
327 2744 474 2795 asalluatln
486 2748 594 2810 primum
606 2746 735 2797 effoerum.
776 2746 821 2795 tle
843 2746 933 2795 eorde·
954 2752 1102 2804 averretnr3
1131 2746 1240 2793 solerter
1260 2759 1303 2794 au·

210 2816 278 2867 Plin.
289 2830 390 2869 xxxiv.
400 2822 424 2867 θ.
442 2818 587 2883 Argentum
599 2823 625 2870 in
636 2822 737 2870 laminir
777 2828 839 2881 tem,
849 2820 961 2879 occulte,
969 2834 999 2868 ac
1007 2820 1079 2868 velut
1090 2819 1159 2867 alind
1171 2832 1248 2881 egena
1259 2820 1303 2868 do·

209 2892 307 2940 eerrari
320 2892 419 2955 pridem
435 2896 548 2957 solitum,
565 2895 737 2945 innuitsme·
775 2902 819 2943 oet
830 2894 912 2957 (quod
925 2892 991 2942 infra
1001 2893 1116 2955 declaro)
1132 2907 1164 2941 ne
1175 2893 1303 2955 impingat

211 2978 253 3025 ca,
264 2966 297 3013 de
307 2966 369 3015 Vita
379 2968 538 3031 Beatnoap.
553 2970 735 3019 timoribenr:
776 2967 803 3015 in
821 2967 925 3028 majoris
945 2964 1064 3016 err'rncnli
1082 2968 1152 3016 vitia.
1185 2968 1303 3029 laenim,

211 3040 358 3090 ‘Saeculum
376 3041 448 3103 illnd,
471 3043 497 3091 ln
516 3058 566 3106 quo
587 3044 736 3095 Censorium
777 3042 845 3089 inter
857 3042 917 3102 alia,
927 3049 957 3090 ut
969 3043 1051 3102 lurco,
1062 3041 1198 3103 popiuu‚et
1210 3042 1304 3091 deeoc·

211 3115 307 3165 crimen
319 3123 386 3177 erat,
398 3130 487 3177 paucae
497 3119 598 3179 argenti
611 3119 738 3171 lamelim!
776 3122 818 3164 tor
828 3112 940 3163 notetur.
967 3114 1034 3163 Vide
1048 3116 1154 3167 Seetoa.
1166 3114 1198 3162 de
1208 3114 1303 3163 lilrntr.

244 3192 259 3236 ⁸
287 3188 370 3249 Criape
391 3188 504 3252 munet]
536 3190 567 3240 C.
588 3193 737 3243 Salinatinm
777 3190 893 3241 Gramm.
906 3202 964 3253 cap.
977 3194 1016 3239 1⁶.

212 3261 330 3324 Crispum
341 3276 425 3313 rernrn
445 3265 613 3315 Romanarum
625 3269 738 3331 Scripto-
809 3271 824 3314 ⁵
846 3264 915 3315 Vivet
925 3270 1020 3314 extento
1033 3265 1169 3313 Proculeius
1179 3280 1239 3328 «ενι,
1249 3267 1303 3329 tm]

212 3350 267 3386 rem
285 3338 437 3387 intellexere
447 3340 571 3389 hactenns
582 3356 671 3391 omnen
681 3341 737 3393 iere
778 3338 917 3402 Nunquam
934 3338 1028 3401 peribit
1042 3344 1086 3387 ant
1096 3337 1200 3387 deliciet
1209 3354 1304 3388 mamo-

212 3418 274 3477 pnrt
296 3411 424 3463 doronem
445 3414 625 3478 Interpreter:
649 3432 737 3467 verum
778 3413 876 3461 riariri
887 3412 1043 3462 liberalitate
1054 3418 1082 3460 et
1097 3412 1193 3475 pietate
1202 3414 1303 3475 ennepi-

211 3484 277 3537 bene
286 3489 437 3539 'l'orrentiua
454 3498 598 3554 temporum
616 3493 683 3545 hand
698 3510 738 3544 ra·
779 3493 836 3553 cni;
852 3493 933 3557 qualia
949 3492 1110 3551 Proculeius,
1122 3491 1164 3541 ille
1176 3494 1303 3542 Romanoa

213 3562 310 3612 tionem
337 3564 474 3613 convenire
496 3565 664 3617 rnbodoratna
688 3577 737 3619 eat.
777 3570 873 3635 Eques,
892 3567 1010 3632 Augu-ro
1025 3569 1062 3619 rte
1080 3570 1218 3632 pretiosor,
1234 3576 1262 3619 ut
1279 3570 1304 3619 ei

212 3638 351 3686 Enimvero
377 3638 411 3686 de
435 3638 556 3689 restituto
580 3642 608 3691 in
631 3656 738 3707 regnum
776 3642 854 3693 liliam
866 3646 957 3707 nuptui
969 3643 1032 3693 dare
1044 3643 1182 3693 meditatur
1194 3645 1238 3694 rit.
1259 3646 1307 3693 So·

212 3710 325 3761 Phraate
336 3726 396 3761 mox
407 3712 547 3776 Horatium
563 3717 630 3780 qnod
638 3718 738 3781 aliquot
777 3732 861 3768 rorem
877 3720 968 3768 habuit
983 3719 1132 3768 Terentiam
1152 3720 1304 3770 Maecenatis

213 3792 273 3847 port
284 3785 417 3835 Actiacam
428 3788 562 3837 neronam
575 3792 646 3840 annia
657 3794 738 3841 couti·
777 3808 899 3843 uxorem:
918 3793 1014 3844 iratres
1024 3802 1108 3844 antem
1119 3795 1266 3859 Scipionem
1277 3802 1305 3846 et

214 3858 261 3923 git.
285 3860 346 3909 Non
359 3862 439 3924 igitur
449 3862 547 3927 acripta
558 3872 599 3915 eat
612 3866 668 3915 hnc
679 3866 739 3917 Ode
777 3867 925 3929 Murenam,
953 3868 998 3933 qni
1023 3867 1195 3931 Pompeianae
1221 3874 1304 3921 renuti

214 3934 247 3983 ad
264 3934 333 3983 illnm
344 3934 501 4002 Selinuntium,
511 3939 555 4003 qni
572 3938 661 3989 ‘diem
672 3942 740 3993 obie-
779 3952 876 4006 parter,
889 3943 993 3992 victoria
1011 3943 1121 3993 Carraria
1138 3944 1304 3995 offensionem

214 4015 256 4056 rat
271 4006 438 4071 quadriennio
454 4018 515 4060 ante
533 4012 668 4063 Actiacum
684 4014 738 4065 bel·
777 4018 952 4082 incurrerunt,
960 4017 1143 4083 publicatoque
1152 4020 1305 4081 patrimonio

215 4082 287 4142 lmn‚’
296 4088 363 4132 teate
375 4082 487 4137 Enreblo
498 4086 523 4135 ln
534 4088 629 4141 cirron.
655 4092 740 4143 Quem
779 4093 813 4142 ad
832 4093 945 4157 inopiam
965 4092 1071 4143 redacti.
1097 4092 1134 4144 At
1153 4094 1305 4145 Proculeine

215 4154 297 4218 igitur
312 4157 355 4206 lric
373 4161 512 4222 compellat
530 4162 671 4214 Hormina?
688 4165 740 4217 Ae·
778 4168 850 4217 liare
862 4170 1044 4232 relutpatrem
1059 4170 1194 4233 exhibem,
1212 4172 1305 4231 divina,

216 4229 276 4295 cipe
287 4244 321 4281 ex
334 4231 419 4285 Tacit.
430 4233 522 4288 Annei.
537 4250 582 4290 ιιι.
600 4239 740 4305 ‘Crlapnnr
779 4256 838 4309 qam
851 4257 898 4294 sna
909 4250 974 4307 erat,
984 4244 1145 4298 nereditatir
1156 4256 1239 4313 parte,
1254 4262 1305 4314 qua
