3175 4900
532 423 739 474 osuuruun
765 423 837 470 ors.
862 423 888 470 ι.
910 403 963 470 38.

329 567 427 632 Mitte
442 567 574 642 sectari,
589 584 670 630 rosa
684 583 751 648 qno
765 566 914 628 locorum
932 595 933 601 ι

588 667 670 730 Sera
682 673 834 729 moretur.

200 876 282 931 emitte
295 884 533 946 perscrutationibus
543 885 569 933 is
579 883 714 945 reg-ionibus
723 843 882 930 durestrosoe
893 881 1010 930 serotina.
1044 880 1159 942 inprimis
1169 881 1258 940 studeo,
1270 891 1299 924 ne

693 1071 803 1124 NO'PAE

200 1219 350 1270 sucorescit·
383 1219 442 1270 Hac
462 1219 603 1269 utebantur
619 1222 674 1268 tum
695 1216 730 1266 sd
762 1215 841 1280 jubet
853 1231 885 1266 ex
897 1215 1080 1274 Archestrato,
1098 1213 1107 1242 ‘
1119 1219 1247 1276 perpetuo
1259 1229 1300 1263 co·

200 1294 343 1344 nectendos
364 1293 450 1357 flores,
469 1301 523 1344 tum
541 1293 573 1343 sd
593 1293 728 1342 lemniacos
768 1293 837 1347 nouis
858 1291 926 1340 iuter
945 1305 1045 1340 ooensm
1063 1297 1142 1353 caput
1158 1289 1300 1342 omnifariis

199 1368 394 1432 sppendendos.
428 1369 497 1419 Plio.
509 1382 568 1418 xvr.
580 1371 619 1416 1⁴.
634 1366 728 1418 ‘Inter
768 1363 899 1428 redimiri!
932 1364 983 1414 Sed
1005 1369 1089 1414 xmo.
1108 1377 1140 1412 ex
1155 1363 1297 1415 Aristotele

202 1445 324 1492 corticem
347 1452 374 1494 et
394 1444 491 1505 lignum
513 1453 604 1492 tennes
626 1443 730 1502 tunice,
769 1449 797 1491 et
810 1441 938 1496 Aristone,
959 1438 1082 1490 affirmat:
1100 1439 1244 1505 ‘Antiquos
1265 1441 1300 1491 ob

200 1517 340 1580 multiplici
358 1517 516 1577 membrana,
532 1531 547 1566 e
564 1517 656 1580 quibus
675 1518 729 1566 riu·
769 1517 1028 1580 capitisgraritatem
1041 1524 1069 1566 et
1082 1516 1196 1564 dolorem
1215 1530 1230 1564 s
1248 1515 1301 1566 sini

200 1591 260 1656 culs
277 1591 341 1640 tilite
358 1599 497 1641 vocantur:
515 1593 671 1642 tenuissimae
688 1607 730 1641 ea·
770 1603 834 1658 potu
857 1595 986 1644 vinculum
1012 1593 1173 1656 temporibus
1194 1592 1301 1642 adbibu-

201 1675 256 1713 rom
264 1665 383 1727 philyrae,
391 1667 679 1716 coronarumlemniscis
687 1681 731 1717 ce·
771 1671 832 1726 isse.
854 1672 921 1735 qnod
945 1682 1001 1720 esm
1020 1671 1157 1734 ligaturam
1176 1669 1301 1733 prodesse

202 1741 296 1799 lebret,
306 1741 467 1803 antiquorum
479 1743 592 1789 bonore?
623 1743 659 1791 Et
667 1755 729 1792 xxi.
771 1745 925 1796 crederent:
944 1753 1061 1809 posteros
1081 1751 1178 1806 sutem,
1195 1751 1301 1793 ornatus

202 1815 359 1864 ademarus
369 1815 450 1875 dives,
459 1817 556 1877 primus
565 1824 674 1879 argento
686 1830 730 1866 au·
771 1830 799 1871 et
820 1821 1005 1872 oblectamenti
1030 1820 1123 1882 gretia,
1148 1833 1254 1868 coronas
1275 1820 1302 1868 in

203 1884 283 1953 roqne
296 1888 358 1938 solia
374 1891 498 1952 imitatus,
517 1891 584 1941 ludis
595 1893 647 1941 suis
658 1907 732 1943 coro·
771 1896 1005 1960 compotationibus
1012 1894 1231 1957 excogitasse-'Et
1239 1908 1302 1956 psu-

202 1980 249 2014 nss
262 1965 342 2014 dedit.
376 1964 549 2017 Accesserant
564 1977 591 2015 et
607 1969 731 2028 lemnisci,
771 1973 797 2020 lo
818 1979 886 2034 post,
905 1972 957 2021 sit:
975 1970 1089 2032 ‘ospitis
1108 1968 1190 2016 dolori
1208 1966 1302 2016 florum

203 2054 268 2104 qnos
279 2040 357 2104 adjici
367 2041 480 2103 ipsarum
488 2056 639 2091 coronarum
651 2042 731 2092 bonos
771 2046 906 2097 fesciculos
918 2061 949 2096 ac
970 2055 1042 2094 seris
1059 2041 1158 2092 mederi
1174 2057 1221 2091 sno
1232 2055 1302 2091 corn-

203 2121 259 2164 erat
271 2149 277 2163 .
291 2151 297 2164 .
309 2150 316 2162 .
328 2116 451 2165 cisudins
472 2115 586 2165 Pulcher
609 2116 731 2166 bracteas
772 2136 862 2184 pressu
874 2129 902 2170 et
911 2119 1030 2169 vinculo!
1064 2117 1133 2166 Plio.
1146 2120 1237 2166 xxm.
1245 2118 1301 2181 jam

203 2191 280 2239 etiem
299 2189 407 2252 philyra
426 2189 516 2240 dedit!
551 2190 644 2254 Augei.
662 2192 732 2241 Poli-
772 2195 819 2245 cit.
832 2195 868 2244 sic
879 2195 975 2244 hebet:
994 2191 1087 2255 ‘Apud
1101 2193 1207 2240 Grecos
1218 2191 1303 2240 deco·

203 2264 266 2312 tian.
290 2264 401 2315 Miscell.
423 2279 480 2328 cap.
503 2270 544 2315 ⁷2.
567 2267 604 2316 ita
624 2266 731 2317 scribit:
772 2271 842 2319 ronis
863 2271 990 2331 scripsere
1009 2267 1159 2317 Mnestheus
1177 2274 1205 2316 et
1224 2267 1303 2316 Calli·

203 2340 335 2403 ‘Pbilyrae
358 2355 419 2389 nsns
442 2341 600 2404 percelebris
622 2342 684 2392 olim
705 2345 733 2391 in
773 2345 878 2394 machus
886 2344 995 2405 Medici,
1007 2357 1064 2407 quac
1074 2349 1197 2393 nocerent
1205 2343 1302 2404 capiti:

204 2415 324 2465 texendis
347 2415 465 2465 coronisr
489 2430 504 2465 e
527 2417 633 2481 philyris
654 2409 733 2466 etism
773 2419 894 2485 quonium
913 2427 941 2468 et
960 2417 985 2466 in
998 2417 1045 2467 hoc
1057 2417 1304 2483 estaliqusvsletu-

203 2486 301 2539 fiebant
323 2492 449 2553 lemnisci,
467 2490 494 2539 id
517 2500 567 2548 est,
587 2491 733 2542 insciolaee
773 2494 841 2542 dinis
862 2494 967 2557 portio;
984 2492 1011 2541 in
1034 2499 1097 2555 potu
1121 2499 1198 2557 atque
1218 2493 1304 2541 bilari-

205 2566 306 2614 coronis
318 2566 456 2628 pendulo:
773 2576 828 2617 tare
840 2568 981 2631 precipue,
992 2566 1100 2617 odorum
1113 2567 1137 2615 vi
1150 2573 1304 2630 surrepente

240 2641 350 2705 Corone]
378 2642 429 2692 Hie
449 2642 546 2693 fiebant
565 2656 580 2692 e
598 2640 733 2692 frondibus
773 2642 922 2706 fallaciter:
933 2646 984 2693 dre.
995 2641 1039 2691 ubi
1048 2642 1126 2692 etism
1136 2640 1218 2693 refert
1228 2644 1305 2692 Cleo·

204 2714 474 2779 acfloribusbedene,
491 2732 566 2787 rose,
582 2718 733 2778 riolae,lau·
774 2729 875 2783 putram
896 2733 944 2783 per
966 2720 1044 2769 illitos
1069 2733 1169 2769 veneno
1195 2734 1304 2769 coronas

206 2793 238 2854 ri,
257 2793 313 2848 lilii,
331 2795 450 2850 narcissi,
469 2794 556 2857 myrti,
575 2795 623 2842 &o
641 2793 733 2855 bisque
774 2795 889 2843 Antonio
911 2794 1065 2844 insidiatum.
1107 2793 1148 2843 Ex
1170 2794 1220 2843 illis
1242 2806 1305 2842 vero

205 2864 299 2918 discuti
311 2869 475 2927 ebrietatem,
489 2875 517 2918 et
528 2868 622 2929 eapitis
631 2867 734 2915 dolores
775 2884 833 2933 quae
846 2875 906 2917 ants
923 2868 994 2918 diets
1011 2877 1081 2929 snut,
1097 2868 1175 2919 Ouid.
1195 2870 1266 2919 Fast-
1277 2884 1305 2919 v.

205 2943 360 3004 credebimt‚
370 2959 414 2993 sen
426 2942 635 3003 constringendo,
642 2955 686 2989 sen
694 2955 735 2989 re·
775 2948 833 2992 ⁸37.
842 2944 880 2992 ita
892 2940 978 2993 canit:
997 2944 1107 2993 ‘Ebrius
1117 2944 1238 2993 incinctis
1251 2944 1306 3008 plri-

204 3018 360 3081 trigersudo.
394 3017 528 3067 Plutarch.
548 3016 669 3077 Sympos.
692 3028 735 3064 ιιι.
775 3018 831 3081 lyrs
853 3016 961 3064 conviva
978 3018 1079 3079 cupillis
1101 3018 1195 3073 Saltu,
1212 3025 1240 3068 et
1260 3020 1307 3067 im·

208 3100 231 3143 l.
249 3094 311 3143 ‘An
327 3096 396 3142 inter
412 3091 553 3155 putandum
569 3092 671 3141 coronis
690 3088 736 3138 tto-
776 3090 889 3155 prudens
901 3092 983 3139 utitur
995 3099 1051 3138 arte
1061 3088 1143 3138 meri!

206 3168 258 3215 reis
281 3183 311 3216 ec
329 3166 407 3216 sertis
427 3166 552 3216 utendum
569 3164 622 3226 sit‚'
649 3164 735 3213 miritis
808 3168 823 3213 t
841 3164 916 3213 Mitte
933 3164 1027 3221 sectori,
1048 3179 1102 3213 msc
1122 3179 1176 3227 qno,
1192 3164 1246 3227 iso]
1263 3166 1305 3216 Ne

207 3242 340 3303 disputat:
360 3242 397 3289 ait
417 3255 487 3297 vero,
502 3239 626 3290 ‘Hedera
642 3253 735 3301 crapn·
775 3240 878 3289 labores
890 3238 923 3287 nd
935 3238 1127 3300 investigandus
1144 3232 1213 3287 ros'ss
1230 3248 1308 3289 estre

206 3320 258 3366 laur
281 3316 406 3380 restingui
488 3315 636 3378 amethysto
657 3312 738 3362 barba
776 3320 890 3376 tempus,
908 3313 1064 3362 texendssve
1083 3326 1097 3361 e
1114 3312 1178 3361 raris
1199 3311 1306 3363 floribus

207 3393 277 3441 siout
291 3399 319 3442 et
329 3405 430 3454 gemma
447 3390 614 3449 vinolentiam
632 3388 736 3438 retundi
777 3401 895 3439 coronas.
930 3386 1024 3437 Athen.
1037 3388 1117 3437 cit.in
1132 3388 1256 3437 conviviis
1268 3404 1308 3438 ro·

208 3467 356 3517 ...vinnm
367 3464 503 3529 siquando
522 3473 602 3528 ceput
620 3471 737 3513 tentare·
777 3478 834 3513 sess
857 3477 966 3513 coronas
988 3463 1161 3513 commendat.
1195 3462 1230 3513 At
1252 3479 1306 3527 eas,

208 3543 251 3603 rit,
262 3540 353 3591 florum
365 3556 452 3589 auram
463 3538 590 3600 auxiliari,
598 3546 626 3587 et
638 3538 737 3587 munira
777 3553 835 3588 cum
843 3546 1031 3602 naturanegat,
1040 3538 1169 3587 luxuriose
1176 3546 1306 3589 sectantes

209 3618 331 3667 adversus
353 3617 501 3680 crapulem3
522 3630 555 3664 eo
576 3613 645 3678 qnod
661 3612 737 3662 liores
778 3614 816 3663 its
831 3614 939 3677 corripit
950 3615 1050 3663 Senecs
1061 3614 1144 3676 Epist.
1156 3617 1214 3665 tna.
1227 3628 1258 3663 sn
1270 3614 1307 3662 vi-

209 3694 287 3741 calidi
315 3692 410 3741 leniter
439 3690 597 3754 spirsments
622 3692 738 3737 laxantes
777 3690 1307 3755 sunteontrenstnrsrn,qnibyemscon-

209 3768 367 3830 spiraculum
391 3767 451 3815 rino
479 3769 622 3827 praestant:
649 3759 738 3825 frigidi
778 3767 915 3829 cupirennt
932 3768 1032 3815 rosam?
1064 3766 1100 3815 Et
1118 3767 1162 3829 qni
1184 3780 1306 3829 aquarum

211 3859 271 3894 sero
281 3844 381 3892 modice
396 3840 549 3905 stringendo
560 3839 689 3903 repellunt
700 3839 738 3885 in·
778 3839 894 3891 fomento
905 3842 1055 3901 colentium,
1075 3848 1103 3890 et
1119 3841 1231 3889 calorum
1245 3847 1308 3903 spts

210 3920 350 3983 bibentque
370 3918 580 3981 evaporationes:
598 3928 648 3964 oen
664 3913 740 3975 riola,
778 3917 922 3967 mantione
942 3915 996 3981 (vel
1016 3916 1110 3979 potins,
1132 3914 1310 3976 ‘imitatione’

211 4004 239 4045 et
256 4010 351 4045 corona
369 4009 402 4043 ex
421 3992 503 4055 rosls‚'
523 3995 573 4043 &o
605 3990 640 4040 Et
655 3990 739 4039 exuis
778 3993 805 4041 id
828 3998 877 4053 est,
900 3990 1023 4040 imitando
1048 3991 1161 4039 cslnrem
1180 3989 1308 4049 aestivum,

212 4072 320 4134 aliisque
332 4070 430 4120 ibidem
446 4068 622 4131 compluribus
633 4066 739 4117 conclu·
779 4065 823 4130 qui
843 4081 859 4123 p
881 4071 973 4115 nstnrs
991 4071 1043 4125 est,
1064 4079 1097 4113 ex
1119 4063 1208 4126 Lipsio
1230 4062 1307 4131 ibid.)

212 4144 260 4204 dit,
271 4145 373 4193 coronis
389 4142 476 4193 tloreis
494 4145 562 4193 inter
579 4144 671 4205 pocnls
680 4154 739 4191 usos
779 4140 870 4189 bruma
891 4140 971 4190 lilium
989 4138 1077 4190 liorem
1097 4152 1203 4188 sernum
1222 4140 1307 4203 aspri·

213 4230 352 4285 prepterea
373 4228 486 4271 sereres.
520 4219 615 4269 Atben.
635 4228 680 4268 ut.
698 4220 739 4267 tr.
780 4215 873 4263 mont?
