3175 4900
316 1037 626 1136 METRA
688 1039 1211 1137 HORATIANA.

427 1313 493 1374 CH.
515 1313 631 1374 WASE
653 1319 868 1379 AMBROSIO
890 1321 1114 1382 BONWlCKE

738 1565 768 1625 S.
785 1565 817 1624 S.

228 2121 371 2180 Arrrssos
394 2127 439 2178 tot
457 2119 555 2196 magni
573 2119 649 2178 inter
662 2119 783 2178 Gnaeos
808 2118 935 2178 nominis
956 2117 1069 2197 Lyrioaa
1081 2121 1203 2182 Poesios
1214 2133 1317 2183 auoto-

227 2233 283 2286 res,
308 2234 385 2274 unus
410 2214 494 2274 nobis
521 2213 661 2274 Horatius
682 2214 763 2286 lacit,
785 2225 819 2275 ut
836 2213 931 2273 lenius
948 2212 1160 2275 desideremus.
1201 2216 1319 2277 Placuit

226 2309 314 2386 igitur
342 2309 460 2370 saeculis
484 2309 594 2387 ingenii
616 2309 695 2382 felix,
720 2308 849 2368 numeris
871 2308 1015 2368 curiosas.
1058 2309 1221 2370 Horatiana
1237 2321 1317 2370 oerte

226 2403 324 2464 Metra
338 2403 497 2466 Diomedes
512 2417 542 2465 et
557 2403 670 2466 Marius
685 2403 864 2477 Victorinus,
877 2413 984 2485 prater
1003 2404 1136 2466 Plocium
1150 2415 1180 2467 et
1193 2405 1316 2465 Atilium

227 2499 479 2573 Fortunatianum,
494 2521 529 2560 ex
552 2500 686 2580 professo
706 2499 833 2579 posteris
853 2500 999 2578 explicata
1013 2500 1201 2579 reliquerunt.
1243 2502 1316 2580 Spe-

225 2594 320 2671 cirJnen
345 2595 504 2657 eorundem
527 2598 557 2656 in
580 2598 695 2657 brevem
719 2594 856 2655 tabellam
876 2597 1043 2675 conjectum
1069 2596 1232 2656 continenti
1251 2616 1317 2655 car-

226 2692 303 2751 mine
318 2691 482 2765 Petronius,
498 2693 631 2773 quisquis
653 2693 678 2753 is
699 2692 764 2762 luit,
786 2695 868 2769 (nam
883 2691 957 2752 alios
972 2691 1104 2773 ejusdem
1118 2691 1243 2751 nominis
1257 2692 1317 2752 alia

225 2797 300 2846 aetas
320 2788 411 2861 tulit,)
426 2790 454 2847 in
469 2790 574 2868 vulgus
589 2788 693 2849 edidit.
735 2787 782 2849 Ad
800 2788 879 2847 istud
901 2788 1065 2866 exemplum
1085 2787 1228 2865 magistri,
1241 2806 1315 2865 quo·

225 2901 288 2941 rum
303 2882 466 2962 disciplinae
481 2884 563 2961 origo
586 2884 656 2943 mihi
678 2894 775 2943 tecum
794 2883 959 2943 communis
978 2883 1044 2955 luit,
1058 2893 1131 2961 quot
1144 2881 1316 2961 septimanis

224 2986 339 3037 mutato
353 2978 449 3047 titulo,
464 2996 518 3037 nos
533 2978 642 3038 tirones
653 2976 695 3035 ad
710 2976 894 3055 multijugam
914 2978 997 3058 Lyrae
1016 2978 1129 3038 Latinae
1140 2978 1317 3037 modulatio·

226 3090 294 3130 nenr
316 3080 519 3131 exercuerunt.
560 3072 606 3130 lta
624 3071 710 3131 velim
729 3072 786 3132 hoc
800 3062 912 3130 nomini
925 3084 977 3132 tuo
991 3074 1162 3151 inscriptum
1177 3072 1316 3150 accipias,

226 3166 268 3225 ita
280 3166 400 3238 tuearis,
415 3184 472 3225 non
488 3174 629 3243 tanquam
652 3166 771 3243 aliquod
794 3184 934 3244 maguum
953 3178 1005 3226 aut
1024 3186 1143 3239 norum,
1158 3165 1210 3225 sed
1224 3175 1257 3225 ut
1270 3167 1315 3223 in·

226 3261 350 3341 dignum
370 3260 450 3341 quod
469 3262 500 3319 in
524 3260 745 3323 desuetudinem
770 3262 868 3333 abeat,
890 3281 957 3320 curn
979 3263 1010 3321 in
1030 3282 1062 3321 se
1080 3270 1194 3320 tantum
1208 3260 1316 3320 habeat

218 3357 403 3447 ,compendii
445 3356 540 3417 Tuum
564 3358 619 3419 erit
643 3358 735 3417 vicem
760 3356 925 3435 Poripdoi'r
939 3357 1127 3427 substituere,
1155 3355 1314 3433 Daphnen,

227 3454 431 3527 Plroitlrorrta,
451 3454 598 3517 Cadmum.
638 3455 788 3523 Quantum
802 3452 967 3532 argumenti
980 3450 1315 3513 veriautlabulosiemi·
1352 3508 1358 3524 ,
1426 3488 1436 3497 -

226 3560 287 3620 net,
302 3550 451 3609 materiam
466 3548 685 3629 suppeditabitr
711 3548 800 3608 modo
818 3568 856 3607 ne
874 3547 953 3608 desit
965 3548 1092 3607 afflatus.
1125 3544 1208 3604 Ultro
1222 3546 1314 3624 rapiet

226 3644 264 3703 ad
279 3663 312 3704 se
327 3664 500 3724 generosam
514 3646 635 3705 urbanae
653 3644 817 3721 juventutis
835 3642 976 3715 indolem,
989 3641 1020 3700 ni
1034 3641 1129 3713 fallor,
1143 3640 1246 3699 artilex
1260 3658 1312 3720 pa·

226 3739 315 3817 gina;
340 3759 399 3818 quo
413 3740 521 3801 rectius
534 3741 574 3801 ad
589 3738 812 3820 Ditlryrambum
834 3735 1027 3798 contendant.
1069 3735 1154 3796 Vale.
