3175 4900
621 406 656 465 q.
681 404 842 453 nonnum
868 404 1003 455 rnnocr

479 545 650 629 Sedesque
667 546 830 613 discretus
844 549 986 631 piorum,
1001 554 1037 611 et

522 648 645 711 AEoliis
660 647 782 713 fidibus
797 656 989 733 querentem

264 824 321 875 eilia
340 834 458 891 termule,
474 836 498 881 et
509 828 601 893 Sappho
612 830 706 909 chordis
717 829 805 879 AEols'is
817 830 1004 893 amanuncus
1011 829 1042 877 de
1052 827 1186 889 cognitus
1194 828 1281 889 petria
1291 842 1339 877 sse
1350 842 1361 885 ,·

723 958 900 978 ΜΝΙΝΝΙ

264 1054 364 1103 Bersnn
382 1054 485 1103 uidisset
501 1055 593 1105 AEecos
611 1054 786 1117 Conium-28
804 1054 923 1117 &dereses
940 1056 1067 1119 dismiptm
1087 1060 1187 1117 septem
1204 1052 1295 1102 Lemh.
1311 1052 1363 1103 duo

265 1116 346 1182 Cruq.
377 1118 413 1167 Et
432 1118 469 1167 sle
486 1118 577 1169 Lemb.
588 1119 668 1184 Cruq.
685 1120 814 1179 descriptos
845 1119 931 1168 uidem
941 1120 1032 1168 lumb.
1044 1119 1131 1167 Pnisn.
1144 1116 1232 1165 Hunu.
1243 1124 1271 1166 et
1282 1116 1361 1166 Gesn-

265 1180 333 1231 blee.
346 1185 369 1230 l.
380 1185 405 1231 2.
421 1182 473 1231 duo
485 1183 584 1231 Berrm.
595 1196 659 1231 nnus
671 1183 750 1245 Cruq.
762 1182 831 1231 Brut
843 1182 877 1231 eii
889 1182 999 1233 Cenmb.
1014 1182 1126 1232 Helmst.
1146 1181 1256 1243 Freueq.
1270 1180 1363 1230 lleins.

264 1244 356 1308 steph.
372 1245 435 1294 Feb.
455 1252 485 1295 et
502 1247 598 1295 Decet.
630 1246 681 1296 sed
698 1246 814 1296 dheretus
834 1246 896 1296 Aer.
914 1249 1044 1310 Porphyr·
1058 1246 1158 1294 Cenum
1177 1244 1230 1293 Gru
1250 1277 1257 1292 .
1275 1258 1365 1294 omnes

266 1310 346 1372 Cruq.
364 1316 462 1371 preter
478 1308 539 1372 duo,
554 1323 644 1359 omues
663 1308 786 1359 Torreut.
805 1323 894 1359 ornnes
913 1310 1001 1360 Bentl·
1017 1316 1114 1372 prester
1132 1322 1222 1368 unum,
1264 1308 1325 1357 nlm.
1336 1313 1363 1358 d.

265 1372 375 1421 Mentel.
386 1371 451 1421 illu.
464 1374 547 1435 hipm.
559 1374 638 1423 Dess.
648 1374 756 1422 Venett.
767 1370 830 1423 Asc.
843 1374 953 1423 lother.
965 1372 1042 1423 Febr.
1053 1372 1142 1422 Bentl.
1154 1372 1219 1421 Cun·
1230 1372 1290 1421 Seu.
1300 1372 1363 1423 lon.

265 1436 344 1485 Bext.
360 1436 427 1486 Sivr.
446 1436 543 1499 Delph.
563 1437 648 1486 Bond.
663 1436 797 1485 Schrevel.
807 1436 879 1494 Jeui,
889 1438 997 1487 Mitsch.
1008 1437 1116 1500 Bipont.
1133 1436 1242 1484 Wetsel.
1262 1435 1364 1488 wikef.

266 1508 293 1549 et
305 1498 384 1548 Kidd.
401 1500 535 1549 ‘Praestet
554 1502 632 1550 etism
643 1499 675 1549 eb
694 1500 816 1563 energia!
832 1501 901 1550 dorsi.
931 1502 1040 1565 prim
1058 1514 1112 1549 rer.
1129 1499 1191 1549 lect.
1209 1514 1251 1562 ep.
1273 1500 1365 1550 lenes.

756 1627 865 1678 NO'l'AE

298 1727 330 1773 28
348 1723 465 1789 Sederqse
482 1724 596 1774 disustm
612 1723 717 1788 pionius]
733 1724 795 1788 Ely-
835 1737 947 1773 umorem
957 1724 1063 1788 Seppho
1072 1722 1195 1773 incidisse
1202 1735 1250 1786 per
1258 1720 1365 1771 herbsm

268 1799 318 1849 elos
330 1814 445 1861 compos,
455 1814 519 1865 qnos
531 1798 654 1858 deserilrit
665 1806 693 1849 et
706 1800 795 1849 lendst
834 1806 939 1850 eentum
951 1802 1039 1863 ospits
1049 1796 1315 1862 nuncupetenr,cnjus
1326 1810 1367 1845 re·

267 1874 357 1935 virgil.
374 1874 474 1923 AEneid.
493 1888 532 1924 vr.
548 1870 604 1923 ote.
632 1875 734 1936 Legunt
752 1874 796 1923 elii
835 1875 881 1924 dii
892 1889 951 1925 rere
961 1874 1065 1940 quidem
1079 1872 1296 1936 insentn‚quihns
1306 1884 1367 1919 con·

265 1949 401 2013 hammes,
410 1949 452 1997 elil
463 1949 602 2013 dueriptus,
613 1949 639 1998 ld
655 1956 705 2011 eet,
715 1948 795 2011 eseig·
836 1950 934 2014 tigerit,
946 1950 1071 2001 errabiles
1078 1947 1152 1999 fecit.
1173 1948 1257 1997 Porro
1266 1961 1299 1996 ex
1307 1947 1367 1996 Sul-

266 2032 341 2074 netss
352 2030 509 2073 scuotstss:
526 2022 747 2073 disertiushelsent
757 2030 795 2071 ts·
835 2024 880 2087 de,
895 2026 957 2075 item
973 2040 1007 2075 err
1025 2025 1135 2086 Allieno,
1147 2023 1244 2087 duplex
1260 2022 1366 2085 sappho

266 2112 326 2147 meu
337 2098 429 2162 optimi
448 2097 567 2159 codicem
584 2104 613 2147 et
623 2111 672 2146 sor
682 2098 727 2147 ills
738 2099 795 2161 pul·
834 2100 895 2161 fnit,
911 2107 1023 2164 utreque
1037 2114 1058 2149 -e
1074 2100 1161 2150 Lesbo
1177 2098 1276 2148 insule:
1295 2099 1367 2160 prior

267 2174 357 2223 chrum
369 2188 432 2221 sene
448 2186 479 2221 sc
495 2172 609 2223 nobilem
626 2183 729 2221 sensnm
741 2170 795 2221 efli-
835 2176 934 2240 literis,
947 2176 1038 2235 nicei,
1056 2175 1209 2237 Stesichori,
1223 2180 1253 2223 et
1265 2173 1367 2224 Pittaci

266 2248 314 2311 cit,
326 2256 355 2297 ut
366 2248 425 2297 boni
436 2247 601 2310 designentur
612 2262 628 2297 e
639 2249 754 2313 reliquis,
768 2256 796 2299 et
835 2258 977 2317 centones,
997 2265 1055 2317 quse
1076 2260 1128 2301 tres
1143 2250 1262 2299 hehulsse
1282 2248 1367 2298 fertur

268 2326 369 2388 evulgo
377 2325 515 2388 segregati.
537 2324 683 2387 Sicllrgil.
695 2324 794 2375 AEueld.
836 2328 938 2378 sodsles
955 2343 1000 2377 sen
1017 2328 1112 2377 emices
1128 2332 1189 2377 ente
1201 2332 1366 2388 memoretur,

268 2414 294 2450 r.
304 2402 361 2451 ltd.
381 2402 451 2451 ‘non
462 2415 503 2451 nre
515 2400 595 2464 impie
611 2414 722 2466 nsruque
732 2400 795 2450 Ter·
836 2403 964 2466 plectrum
985 2403 1126 2464 iuvenisse,
1148 2401 1282 2465 scripsisse
1303 2414 1366 2450 sero

269 2478 440 2539 terehebent,
458 2477 597 2540 tristesque
616 2476 730 2536 umbres3
749 2475 795 2525 red
837 2478 986 2540 Lyricorum
1006 2478 1155 2528 carminum
1175 2477 1367 2538 librosnoreur,

267 2551 477 2614 emoennpiornm
489 2550 616 2611 concilia,
629 2550 796 2614 Elysiumque
837 2553 1042 2615 Epigrammntn
1063 2553 1175 2615 Elegiae,
1202 2551 1318 2614 lembos,
1339 2554 1391 2600 et'

268 2627 344 2676 colu.'
837 2625 983 2676 Monodiss.
998 2626 1366 2690 Posteriorhlltyleusee,que

301 2705 334 2751 24
350 2701 438 2752 AEols'is
447 2700 539 2764 fidibus
549 2705 683 2764 mertem
692 2699 800 2763 Suppli,
837 2701 946 2761 psaltria
962 2700 1053 2762 fuerit,
1073 2701 1168 2764 [syrice
1186 2699 1322 2764 scripserit
1339 2714 1368 2748 e·

267 2775 321 2840 ee]
347 2778 390 2825 De
415 2777 580 2839 popularibus
605 2775 707 2839 puellis,
733 2789 798 2840 ques
839 2778 910 2835 tism,
921 2786 999 2842 etque
1016 2778 1050 2828 oh
1067 2790 1180 2826 umorem
1193 2776 1306 2825 Pheouis
1317 2775 1368 2824 Mi·

269 2849 383 2912 emebet,
397 2850 504 2914 Seppho
515 2856 716 2914 conquerentem
727 2849 798 2913 qnod
839 2855 954 2917 lybani,
965 2868 981 2903 e
991 2867 1043 2917 quo
1053 2851 1237 2917 spernehetur‚
1250 2848 1283 2899 de
1300 2851 1367 2900 Len·

268 2924 295 2972 in
307 2937 392 2974 rmore
400 2923 450 2972 sibi
459 2939 509 2973 non
519 2925 715 2988 responderent.
732 2925 798 2974 Tres
838 2934 896 2978 cete
908 2927 1082 2991 promontorio
1091 2927 1117 2976 in
1128 2939 1236 2975 mere-se
1246 2925 1368 2988 precipi-

123 3005 131 3019 ⁴
180 2996 184 3014 “
269 3014 331 3050 vero
348 3000 508 3063 potissimum
527 3000 618 3050 Snidse
636 3009 754 3054 recenset
764 3000 799 3051 eb
839 3009 892 3052 tem
902 3002 1015 3052 dederit.
1047 3002 1087 3050 De
1105 2999 1234 3064 quotide
1251 3013 1368 3064 queen·

269 3089 301 3126 ee
312 3075 430 3135 dilectu,
448 3075 550 3137 Atthin,
566 3075 723 3138 Telesillenr,
741 3075 798 3125 ille·
838 3077 935 3127 notebo
947 3091 966 3128 s.
977 3077 1062 3140 Epist.
1074 3079 1115 3125 19.
1127 3078 1169 3124 28.
1179 3073 1213 3122 sd
1223 3075 1270 3123 hes
1281 3088 1369 3139 roem,

269 3164 374 3215 gerum:
393 3150 597 3213 piuresOridins
605 3151 702 3216 aliique
710 3167 801 3204 nume·
837 3150 1103 3216 {muciusSsppnoJ
1134 3152 1203 3200 Utnt
1219 3150 1263 3212 eit,
1279 3164 1369 3216 quesn·

269 3234 336 3275 rent.
361 3226 411 3274 Vel
427 3227 557 3290 zelotypia
575 3226 679 3289 Sappho
698 3226 800 3289 percite
838 3226 975 3278 admodum
992 3241 1071 3276 unum
1087 3226 1368 3289 Herculem,etsiplu·

268 3301 303 3350 de
326 3300 468 3364 virginibus
485 3301 585 3350 emulis
602 3301 655 3350 suis
671 3299 798 3364 querebe·
837 3315 879 3352 res
900 3303 1057 3363 extiterunt,
1078 3301 1221 3363 nominent,
1242 3309 1270 3350 et
1297 3300 1368 3366 quod

270 3384 322 3440 tur,
333 3378 400 3441 quod
413 3377 523 3440 Phoeni,
533 3391 608 3442 quem
619 3378 682 3450 p'pss
695 3379 799 3442 deperi·
837 3377 975 3427 multorum
984 3384 1035 3437 est,
1047 3376 1131 3425 eidem
1143 3375 1271 3434 tribuunt,
1282 3382 1312 3424 nt
1321 3375 1368 3424 sii·

268 3454 325 3516 het,
336 3452 508 3513 adhererent,
519 3454 746 3518 eJnsquesmorenr
755 3468 799 3504 re-
837 3452 865 3503 hi
880 3453 1034 3513 nottelmus,
1051 3451 1089 3501 lte
1100 3465 1178 3500 unser
1189 3451 1296 3514 Seppho
1312 3452 1367 3499 esl-

269 3529 412 3580 tnrdereut.
436 3529 514 3579 Ouid.
523 3529 610 3593 Epist.
619 3543 667 3580 xv.
679 3531 798 3594 lteflsp·
838 3541 872 3589 go
882 3525 1025 3582 eelehrsnt,
1035 3525 1158 3589 sapphici
1170 3525 1297 3575 Carminis
1306 3539 1368 3576 ene·

270 3604 335 3668 plens
350 3605 383 3653 ed
403 3604 551 3654 Plrsunemr
570 3605 649 3654 ‘Nec
668 3618 710 3655 nre
730 3604 797 3668 Pyr·
837 3608 930 3655 torem,
947 3605 998 3648 teur
1015 3606 1149 3650 venustem
1164 3608 1194 3651 et
1211 3602 1367 3664 elegentetn.

270 3677 798 3742 rhledeethymuiedesvepuelloe,Nee
837 3683 867 3724 ut
880 3675 988 3724 deciuue
1005 3675 1109 3740 quidem
1124 3676 1207 3726 ltere
1223 3689 1367 3740 cognomen

270 3767 311 3802 me
325 3752 479 3802 lesbiedum
498 3760 587 3802 cetere
604 3752 679 3802 turbe
693 3752 798 3816 jurent.
836 3749 987 3800 obtinuerit.
1019 3751 1116 3799 ‘Veris
1127 3753 1254 3812 nuntiem,
1266 3751 1367 3803 blendi-

270 3829 336 3892 ,Vilis
361 3829 516 3889 Amytlsoue,
532 3828 590 3877 silis
606 3828 668 3877 mihi
685 3827 798 3878 candide
836 3826 939 3890 loquum
959 3825 1109 3876 lusciuieru’
1136 3835 1213 3876 uocet
1230 3827 1367 3890 Sophoclis

270 3902 379 3967 ¹Cydno3
398 3903 456 3952 Non
468 3903 548 3952 oculis
561 3908 636 3964 grets
645 3909 687 3952 est
698 3901 798 3964 Atthis,
835 3899 999 3964 Scholiutes.
1032 3900 1135 3950 Flornit
1153 3915 1211 3950 cnm
1231 3901 1322 3952 Alcaeo
1338 3911 1367 3954 et

270 3986 384 4040 utente,
401 3978 481 4026 meis:
500 3976 588 4040 Atque
604 3977 664 4026 elles
681 3983 797 4042 mamm,
837 3976 995 4038 stesichoro,
1006 3977 1081 4024 suuis
1099 3985 1160 4025 ente
1177 3977 1307 4026 Christum
1319 3979 1368 4028 eir·

269 4066 391 4120 queruon
402 4051 575 4100 sineerinrine
588 4051 680 4100 survi.
699 4050 798 4114 Impro·
838 4052 906 4104 citer
924 4053 1064 4107 sexcentis.
1094 4052 1160 4114 Ejus
1177 4052 1249 4117 (quse
1267 4060 1366 4118 tempu·

270 4127 314 4186 be,
324 4127 462 4176 mulierum
475 4125 542 4191 quod
554 4123 613 4187 fuit,
624 4139 688 4176 sinus
699 4127 797 4176 hehen'
838 4142 894 4177 rum
906 4128 999 4192 injurie
1009 4127 1062 4191 est)
1073 4128 1142 4190 apud
1154 4129 1237 4177 serios
1247 4137 1367 4181 suctores

272 4200 367 4251 Nerrst
385 4199 487 4250 Plinius
506 4211 578 4250 xxn.
591 4202 616 4248 8.
635 4200 662 4250 in
683 4201 798 4252 Pireonis
836 4216 939 4268 sparsus
951 4202 1074 4267 qussdiue
1086 4202 1231 4266 poiimsturu
1243 4204 1366 4270 reliquias
