3175 4900
715 369 816 418 BXGU
824 364 917 416 RSUS

653 621 912 687 EXCURSUS
952 617 1001 683 11.

669 808 717 857 Al)
738 807 759 855 l.
776 807 840 856 01).
858 811 882 854 l.
898 809 987 852 7-12.

280 989 336 1036 Vix
353 992 440 1050 potest
455 984 574 1048 exprimi,
596 989 757 1048 quantopere
774 981 887 1042 argutati
910 979 963 1027 sint
979 979 1004 1026 in
1020 977 1057 1025 lris
1081 974 1197 1024 versibus
1213 971 1376 1036 explicandis
1415 973 1418 980 '

278 1067 369 1130 Intpp.
386 1065 446 1115 dem
458 1067 498 1114 rel
512 1064 598 1113 omnia
615 1063 763 1124 allegorice,
773 1067 827 1118 aut,
838 1059 946 1106 Basteri
958 1055 1047 1118 verbo,
1058 1055 1159 1116 outqos
1177 1068 1307 1117 exponere
1323 1059 1376 1101 etn-

280 1146 408 1206 dnernut;
426 1146 465 1194 rel
482 1145 561 1193 nimis
572 1143 690 1192 doctrina
699 1139 850 1190 t'ueillinrum
864 1152 967 1186 sensnm
979 1137 1131 1186 obruerunt.
1165 1135 1250 1184 Facile
1263 1145 1375 1183 corrum-

281 1233 377 1288 puntur
387 1231 465 1289 atque
476 1224 640 1286 abripiuntur
653 1221 697 1270 tati
710 1219 898 1283 interpretandi
911 1217 1010 1266 ratione
1019 1218 1144 1280 juvenum
1156 1213 1256 1263 fervida
1267 1212 1379 1274 ingenia,

280 1309 438 1353 enervantur
454 1302 618 1366 pulcherrimi
634 1300 776 1349 Poetarum
794 1299 855 1346 loci.
889 1298 976 1348 Quare
993 1297 1061 1354 ut,si
1077 1297 1103 1344 lu
1121 1295 1213 1344 eirnilia
1229 1292 1378 1351 inciderint,

281 1384 395 1431 retinere
411 1382 512 1431 discent
528 1395 657 1440 essentum
678 1393 761 1434 suurn,
776 1377 900 1442 quasdam
920 1389 998 1439 super
1013 1376 1052 1424 lris
1070 1375 1187 1424 versibus
1205 1375 1377 1437 interpretum

284 1476 364 1524 nugas
376 1462 425 1510 illis
437 1475 581 1523 proponere
593 1461 688 1520 placet.

316 1541 471 1590 Scholiasta
490 1555 538 1603 per
549 1539 672 1603 Nymphas
688 1538 818 1600 mulieres,
834 1552 883 1601 per
902 1538 1004 1590 Gratiae
1023 1535 1134 1598 virginee
1153 1533 1266 1596 intelligi
1283 1533 1381 1592 volunt,

234 1658 239 1668 .
285 1637 342 1686 qure
362 1635 422 1670 vere
440 1619 567 1668 redeunte
586 1619 612 1667 in
631 1619 761 1681 publicum
782 1617 894 1680 prodire,
910 1616 1051 1677 ambulare,
1067 1617 1174 1671 saltare,
1184 1614 1284 1674 ludere,
1301 1612 1382 1661 emarl

286 1715 374 1750 rursus
386 1699 520 1762 incipient.
552 1697 596 1746 Sic
608 1705 636 1746 et
652 1697 803 1768 Lambinus,
813 1695 953 1760 Cruqniue,
963 1695 994 1744 Τ.
1005 1695 1098 1756 Faber,
1108 1709 1165 1743 eum
1183 1706 1279 1757 genero
1288 1699 1316 1741 et
1327 1692 1382 1753 opi·

286 1781 391 1830 uiuunm
409 1777 512 1827 herede
522 1777 647 1834 Decerio,
669 1777 775 1840 aliique.
809 1775 937 1840 Crnqnim
957 1774 1022 1824 adeo
1039 1789 1127 1836 greces
1138 1775 1265 1840 Cyclopem
1280 1773 1383 1836 rrffietm

286 1861 320 1910 de
340 1859 516 1908 incalescente
536 1865 596 1906 tuuc
614 1857 724 1905 virerum
745 1856 870 1906 adversus
889 1854 1008 1904 immines
1025 1855 1117 1904 ardore
1136 1855 1240 1903 ridetur
1256 1853 1384 1915 accipere.

284 1939 383 1990 Theod.
401 1939 535 1988 Marcilins
553 1937 639 1986 omnia
655 1935 736 1986 refert
756 1936 788 1986 ad
811 1935 941 1986 Kalendae
959 1935 1077 1995 Martiae,
1095 1950 1114 1984 s.
1131 1933 1298 1995 Metronulia,
1316 1931 1384 1978 omni

287 2033 381 2082 genere
392 2019 493 2068 laetitire
507 2034 522 2065 a
532 2016 642 2066 loeminls
658 2024 726 2065 acte.
759 2017 853 2065 Eurum
872 2015 1024 2080 gaudiorum
1036 2001 1103 2064 virus
1121 2027 1224 2064 severos
1236 2026 1286 2061 uon
1304 2009 1383 2060 luisse

287 2099 437 2163 participes,
458 2097 589 2146 hilariores
611 2101 696 2144 autem
721 2102 751 2143 et
771 2095 932 2154 mulierosos,
952 2095 1046 2144 bellam
1069 2101 1201 2143 venatore
1223 2091 1384 2142 occasionem

288 2185 389 2241 nectus,
400 2179 468 2226 luter
480 2176 538 2224 illas
549 2176 665 2224 Veneres
679 2184 706 2223 et
723 2173 829 2224 Gratias
847 2173 1098 2237 partemvoluptatis
1110 2174 1209 2236 cepisse
1219 2189 1227 2233 ;
1243 2177 1271 2220 et
1282 2173 1321 2220 sic
1332 2185 1386 2220 ma-

288 2258 353 2306 ritos
373 2255 522 2304 incubuisse
533 2252 590 2302 fere
607 2253 718 2315 negotiis
727 2251 749 2316 (⁸
760 2254 904 2302 Vulcanum
917 2253 1011 2302 ussisse
1023 2251 1171 2316 officinas’).
1188 2261 1215 2302 at
1233 2265 1324 2300 uxores
1335 2251 1386 2299 illis

288 2349 386 2385 cornua
397 2334 500 2382 fecirse.
534 2331 795 2382 Doctrinamrultis?
828 2333 993 2382 imminentem
1003 2331 1096 2382 Lenem
1114 2331 1182 2382 idem
1202 2330 1335 2380 Marciliue
1350 2331 1387 2379 eit

289 2427 346 2462 esse
369 2412 523 2468 milleium,
545 2409 676 2471 νουμηνίαν,
694 2409 711 2457 i.
726 2423 750 2459 e.
768 2411 910 2461 Kalendas.
942 2411 985 2461 Sic
1004 2419 1032 2461 et
1051 2411 1084 2461 D.
1104 2411 1244 2462 Helonius:
1262 2409 1389 2470 termitem

290 2491 402 2551 σνλὴνην,
414 2492 431 2541 i.
442 2506 466 2539 e.
484 2490 613 2549 tumtur»
622 2490 703 2552 umis,
714 2490 782 2554 quod
795 2491 829 2539 sit
841 2491 941 2541 initium
957 2491 1062 2554 mensis,
1072 2505 1129 2540 cum
1143 2493 1215 2541 Luna
1235 2490 1387 2549 inchoetun

288 2579 317 2620 et
336 2570 460 2631 intelligit
479 2568 611 2617 Kalendas
627 2567 743 2631 Apriles,
760 2569 858 2618 Veneri
875 2584 970 2619 sacras.
1004 2571 1141 2620 Molestius
1159 2570 1276 2620 omnibus
1296 2577 1336 2619 ert
1356 2570 1388 2619 C.

289 2649 381 2699 Barth.
391 2648 533 2697 Adrermr.
549 2660 593 2695 ιι.
604 2651 629 2696 t.
642 2645 675 2694 ed
687 2646 800 2695 rationes
819 2647 884 2696 adeo
901 2647 1022 2711 physicas
1035 2658 1061 2697 et
1078 2651 1248 2714 astrologicae
1258 2651 1388 2699 Venerem

291 2737 318 2778 et
331 2729 430 2776 Lunam
443 2740 585 2775 revocans·
609 2726 673 2776 Quis
684 2739 734 2774 uon
747 2726 839 2787 sentit,
851 2728 945 2777 telibus
963 2729 1071 2791 argutiis
1088 2736 1171 2779 totum
1184 2730 1388 2779 venustisrimum

290 2808 444 2871 phantasma
455 2806 547 2863 deleri,
560 2812 640 2853 totam
659 2804 787 2869 picturam
803 2806 928 2855 interire?
961 2808 1027 2857 Nam
1040 2815 1099 2857 utra
1109 2823 1195 2870 quaeso
1206 2809 1289 2872 imago
1307 2808 1389 2869 megia

291 2886 395 2950 politica
405 2893 432 2934 et
440 2885 522 2957 lyrica
531 2885 590 2934 est?
607 2883 767 2935 feminarum
777 2892 805 2935 et
817 2887 960 2948 puellarum
972 2886 1042 2947 idea,
1052 2902 1085 2935 an
1096 2889 1208 2937 Veneris
1216 2903 1275 2939 curn
1287 2887 1389 2937 Grstlis

291 2972 319 3015 et
327 2964 451 3029 Nymphis
463 2966 631 3028 plusntasrnal
648 2964 780 3014 Vulcanus
790 2980 848 3015 curu
861 2966 1028 3030 Cyclopibus,
1036 2968 1161 3018 anmariti
1172 2968 1300 3017 Romani?
1317 2966 1391 3017 Luna

294 3057 373 3105 supra
385 3048 467 3105 caput
484 3042 583 3104 lucens,
599 3056 632 3090 an
652 3043 778 3093 Kelendre
795 3057 810 3091 e
828 3042 918 3093 fsatisi
951 3044 996 3099 Ar,
1013 3046 1106 3109 inquit,
1121 3046 1199 3110 quid?
1214 3046 1234 3096 si
1253 3053 1389 3111 utrumqne

291 3123 387 3182 ideam,
403 3136 461 3171 cnm
478 3122 617 3183 Venerem,
634 3120 750 3185 Gratim,
766 3122 909 3187 Nymphas,
927 3130 981 3173 turn
1000 3124 1098 3186 puellae
1114 3125 1296 3190 mulieresque,
1312 3126 1391 3174 simul

293 3200 426 3266 cogitem?
457 3202 517 3251 Nun
538 3200 657 3261 equidem
679 3201 830 3251 intercedo:
853 3212 961 3267 possunt
976 3203 1079 3254 omnino
1099 3204 1188 3253 moltis
1205 3204 1347 3254 lectoribus
1363 3206 1390 3255 iu

292 3288 404 3333 mentem
416 3282 503 3330 venire
516 3278 627 3330 femine
637 3295 669 3329 ac
682 3283 785 3345 puellm,
795 3296 853 3332 cum
865 3283 898 3332 de
910 3284 1038 3347 Nymplrir
1055 3298 1086 3333 ac
1098 3284 1195 3335 Gratiis
1205 3286 1304 3348 legunt.
1337 3285 1391 3335 Sed

293 3365 370 3412 eelim
381 3359 503 3411 ostendat
513 3360 573 3408 milri
593 3360 694 3423 aliquis,
705 3362 766 3411 idco
774 3369 804 3411 et
818 3362 954 3413 Horatium
966 3363 999 3412 de
1016 3364 1108 3427 puellis
1123 3364 1244 3415 Romanis
1254 3364 1395 3428 cogitasse,

294 3450 332 3502 et,
345 3440 413 3505 qnod
425 3446 506 3502 ceput
517 3447 568 3503 est,
588 3440 653 3489 iden
677 3440 734 3503 ejus
752 3442 930 3505 exprimendae
953 3442 990 3491 illi
1008 3442 1088 3491 fuisse
1104 3444 1153 3493 lroc
1172 3444 1229 3493 loeo
1244 3445 1392 3495 consiliam.

294 3518 418 3569 Profecto
431 3520 476 3568 tali
488 3518 676 3582 interpretandi
687 3519 764 3569 modo
780 3521 884 3571 tandem
902 3522 934 3571 ad
947 3521 1163 3585 pervertissimam
1175 3522 1392 3575 Baeturiausrum

294 3597 448 3661 dilogierum
466 3596 592 3646 rationem
612 3594 769 3646 deseremur.
805 3600 865 3651 Qua
884 3602 962 3663 culpa
973 3614 1057 3665 neque
1075 3601 1159 3664 ipsum
1175 3602 1339 3652 Ssuadouum
1357 3602 1391 3652 ad

294 3680 320 3727 lr.
336 3678 354 3725 l.
368 3676 481 3725 eximere
502 3691 616 3739 pomum,
626 3676 681 3740 qui,
691 3676 754 3725 licet
773 3677 927 3739 phantasma
944 3679 1073 3743 poiticum
1091 3681 1174 3743 ipsum
1187 3694 1239 3729 non
1250 3681 1394 3741 subvertet,

294 3764 381 3807 tamen
397 3756 472 3805 almrrl
484 3756 555 3804 innui
567 3756 628 3807 leta
641 3770 688 3820 per
699 3761 750 3805 tres
762 3756 824 3805 iude
840 3772 856 3805 a
868 3758 993 3809 Kalendis
1005 3759 1088 3822 April.
1107 3768 1197 3809 noctes
1209 3759 1351 3822 puellarum
1363 3760 1391 3811 iu

295 3836 405 3886 Veneris
416 3837 537 3887 honorem
548 3836 687 3899 Perstgttta
694 3834 847 3889 arbitratur.
