3175 4900
659 376 865 428 taurento.
1289 363 1312 424 7

258 517 351 598 Quia
373 517 545 602 scripserit
566 517 722 596 Flaccus,
737 519 936 602 caqaoestic
949 521 1112 606 historica
1125 525 1196 586 est:
1217 523 1254 586 in
1268 539 1309 586 ea

216 620 370 701 testibus,
399 621 434 687 b.
456 641 487 687 e.
515 619 612 684 libris
637 619 794 704 antiquis,
817 621 1103 688 consentientibus
1127 623 1311 706 precipue,

214 723 423 801 credendum,
437 719 597 806 quamdin
611 720 680 802 ipsi
695 721 761 785 sibi
773 721 873 786 fidem
890 741 956 786 non
965 722 1134 806 abrogant,
1146 721 1310 807 quamdiu

214 841 280 888 non
294 824 414 889 dicunt
428 827 541 907 aparte
555 823 783 904 repugnantia.
827 823 897 888 Sed
910 822 1067 889 videntur
1080 823 1244 890 interdum
1260 841 1311 888 rc·

214 942 372 1007 pugnnre,
399 944 488 1008 qnae,
512 925 752 1006 circumspecta
778 926 842 989 rite
866 926 956 990 omni
986 925 1247 1001 circumstantia,
1271 926 1308 988 in

215 1027 429 1092 concordiam
445 1025 587 1112 possum
600 1027 704 1111 redigi
718 1045 771 1099 eo,
784 1037 825 1091 ut
843 1027 878 1090 in
898 1027 1051 1104 musicis,
1061 1025 1308 1110 jucundiorem,

216 1127 306 1208 quod
320 1125 444 1192 habent
460 1129 588 1212 aliquid
608 1147 730 1214 pugnae
753 1127 944 1193 admistum.
987 1127 1066 1192 Tali
1089 1123 1221 1213 ὅξῦμςα
1245 1143 1313 1191 non

216 1225 393 1292 observata
405 1227 514 1295 standi
526 1229 619 1296 fuere
634 1247 867 1312 nonnunquam
889 1229 1044 1294 Bentleio
1059 1227 1105 1294 V.
1119 1229 1160 1293 Ο.
1184 1245 1226 1292 ιι.
1242 1227 1314 1292 Sat.

215 1329 248 1392 d.
263 1327 316 1391 ⁷1).
331 1333 365 1392 et
378 1329 454 1394 103.
498 1330 627 1414 Siquid
642 1335 751 1395 antem
774 1330 819 1394 sit
838 1330 953 1406 etiam,
967 1329 1057 1415 quod
1077 1349 1100 1394 a
1119 1330 1242 1394 vitiosa
1262 1348 1314 1393 re·

214 1432 396 1514 pugnantia
419 1432 558 1498 liberare
582 1450 651 1496 non
673 1433 813 1514 possim,
839 1450 908 1495 non
933 1431 1009 1496 ide'o
1026 1449 1122 1495 urere
1143 1436 1177 1495 et
1197 1433 1314 1495 secare
1445 1421 1449 1428 ’

214 1529 305 1610 licet,
319 1551 387 1596 non
400 1533 544 1616 grassari
557 1533 596 1597 in'
605 1533 722 1611 libros,
739 1540 774 1598 nt
794 1533 1089 1616 in'discipulorum
1107 1535 1216 1616 pensa
1230 1533 1315 1596 solet

214 1631 420 1700 emendatrix
441 1653 559 1699 manns
581 1635 819 1718 praeceptoris:
842 1634 902 1698 sed
924 1635 990 1697 nisi
1007 1633 1056 1697 ita
1070 1632 1195 1709 mollia,
1210 1633 1261 1698 ita
1274 1632 1314 1696 li:

137 1731 142 1738 '
214 1731 329 1816 quida,
343 1734 394 1799 ita
405 1735 510 1811 clara
525 1737 572 1801 ita
586 1737 687 1802 unica
703 1737 749 1801 sit
761 1736 961 1812 emendatio
975 1735 1075 1818 plane
1096 1734 1146 1798 nti
1161 1733 1315 1799 dubitare

215 1833 344 1904 bomini
356 1853 467 1902 reram
481 1839 589 1920 perito
609 1857 675 1902 uon
696 1837 810 1915 liceat,
831 1835 1003 1901 modestia
1024 1841 1147 1900 nosbae
1161 1837 1315 1900 etbono·

214 1953 286 2000 rum
301 1935 457 2000 librorum
472 1936 651 2019 integritati
667 1939 780 2020 potius
802 1940 852 2002 ita
873 1938 1107 2013 consulamus,
1122 1945 1162 2000 nt
1175 1937 1209 2000 in
1227 1955 1316 2002 mar·

216 2035 301 2116 gine,
316 2036 510 2118 quidnobis
525 2037 689 2114 videatur,
705 2036 905 2102 indicemus
969 2045 974 2052 '

262 2134 343 2200 Dici
367 2155 434 2201 non
461 2144 587 2220 potest,
616 2157 717 2221 quam
742 2139 843 2204 facile
870 2139 918 2202 sit
940 2139 995 2202 bic
1024 2137 1110 2214 salli,
1139 2137 1222 2216 labi,
1242 2157 1314 2204 cor.

215 2255 366 2320 rumpere
392 2237 482 2320 quod
507 2237 681 2302 emendare
702 2239 799 2302 velis.
843 2237 930 2303 Cum
951 2237 1153 2302 concedatur
1176 2240 1314 2305 senibus

218 2335 431 2424 πιςιαυτιλογιῑ
431 2361 455 2416 v,
470 2336 581 2404 dicam
594 2339 678 2423 quid
693 2331 775 2404 mibi
789 2359 854 2403 nsu
869 2341 1007 2404 venerit
1047 2337 1160 2403 Fuere
1175 2341 1219 2404 ab
1233 2341 1315 2405 ado-

218 2440 380 2505 lescentia
394 2438 473 2505 inde
484 2460 560 2507 mea
573 2442 686 2520 amici,
697 2441 819 2508 eruditi
834 2462 916 2509 sane
925 2440 1078 2510 homines
1092 2447 1127 2506 et
1141 2441 1315 2526 ingeniosi,

217 2542 275 2627 qui
289 2542 432 2607 subinde
445 2550 643 2609 accusarent
657 2563 764 2609 meam
778 2546 813 2609 in
824 2543 1112 2609 emendationibus
1123 2544 1178 2607 vel
1194 2542 1314 2607 alienis

218 2644 376 2709 velmeis
398 2644 610 2710 admittendis
632 2646 833 2711 tarditatem.
877 2644 945 2709 Sed
960 2644 1071 2708 fateor
1086 2646 1237 2727 ingenue,
1253 2630 1315 2707 ali-

218 2735 350 2829 quoties
364 2751 565 2811 tamencum
580 2748 668 2811 omni
681 2746 752 2824 iila,
763 2765 864 2830 quam
880 2765 945 2829 ego
958 2744 1152 2809 cautionem
1165 2742 1316 2827 appella·
1353 2810 1358 2817 ,

217 2846 384 2931 bam,i12si
398 2846 622 2926 timiditatem,
635 2848 816 2931 aliquoties
826 2846 908 2911 mibi
918 2866 982 2909 usu
998 2841 1145 2921 venisse,
1156 2853 1196 2907 nt
1210 2851 1314 2909 aucto

217 2944 348 3011 scilicet
360 2966 469 3011 rerum
484 2948 727 3030 verborumque
748 2967 825 3025 usn,
840 2945 1059 3013 retractandos
1074 2952 1191 3010 essent
1204 2944 1314 3010 emcn'·

219 3046 385 3123 dodones,
400 3066 476 3130 quse
493 3046 590 3111 valde
606 3050 686 3113 mibi
701 3048 907 3131 placuerant.

223 3192 226 3199 .
263 3144 342 3223 Quo
357 3147 466 3209 minua
480 3145 679 3228 poenitetia
697 3146 842 3212 Horatio
856 3165 996 3212 cansam
1009 3153 1214 3229 receptarum
1230 3147 1314 3211 Iec-
1414 3196 1423 3205 .

220 3248 348 3310 tionum
369 3246 560 3327 suscepisse
589 3264 822 3330 nonnunquam
845 3253 959 3310 contra
982 3246 1094 3328 ipsum
1115 3244 1314 3325 amasium,

219 3348 322 3413 etiam
345 3346 403 3411 ubi
426 3346 591 3424 irascitur,
615 3351 666 3426 (ut
686 3348 728 3411 ad
752 3345 829 3412 Art
853 3346 951 3413 Po'et
972 3342 1068 3430 441.)
1090 3346 1180 3431 quod
1206 3346 1316 3412 solent

218 3466 455 3539 nonnunquam
470 3446 534 3511 viri
556 3448 661 3527 docti,
675 3466 750 3511 cum
773 3456 893 3532 putant
913 3448 1065 3532 iniquum
1080 3468 1155 3513 csse
1169 3448 1315 3515 librariis

218 3549 454 3617 semibarbaris
477 3548 557 3633 plus
578 3548 656 3613 fidei
677 3548 794 3613 baberi
808 3569 910 3633 quam
930 3569 1002 3614 suae
1023 3550 1157 3627 rationi,
1176 3550 1241 3616 boc
1262 3564 1316 3617 est

218 3657 333 3717 rectae:
347 3651 446 3734 quasi
458 3650 621 3715 vicissent
636 3669 714 3715 vero
729 3670 827 3735 snam
841 3651 1003 3716 rationem
1017 3651 1074 3716 bic
1087 3670 1165 3715 esse
1180 3656 1314 3716 rectam.

219 3740 342 3844 ¹Contra
353 3744 441 3842 banc'
460 3748 658 3816 Criticcrum
673 3750 878 3835 quorundam
892 3752 1134 3817 vehementiam
1149 3759 1314 3817 armatam

218 3860 337 3937 pectus
350 3852 471 3917 habere
481 3851 581 3918 debet
594 3852 726 3919 Horatii
741 3853 925 3936 praesertim
942 3852 1068 3932 Editor,
1078 3860 1111 3918 et
1124 3853 1222 3918 malle
1237 3873 1314 3921 cum

219 3952 465 4019 Philoxenoire
476 3952 512 4017 in
522 3952 730 4032 Lautumias,
739 3953 987 4037 quamlandare
998 3954 1315 4038 nonbonas,cnjus·

220 4054 359 4139 cumbae
374 4048 508 4121 demum
522 4054 602 4134 sint,
617 4073 719 4139 quam
741 4056 890 4139 recipere
911 4053 1068 4139 palcbras
1085 4056 1313 4138 quantumvis,

221 4152 282 4221 sed
296 4153 405 4223 minus
419 4156 641 4236 necessarias,
654 4157 912 4224 emendationes.
