3175 4900
267 375 311 442 71
730 387 777 436 ιιι
802 387 901 435 vinu·

313 535 476 603 Horatius
492 535 525 598 iu
541 533 693 598 exercitu
706 529 804 596 Bruti
817 529 989 594 Tribunus
1005 521 1152 592 Militum
1170 527 1228 607 ur;
1254 542 1277 589 ι.
1292 527 1365 592 Sat.

267 639 299 718 6.
311 639 456 802 35010100
469 683 629 800 irascitur.
674 731 753 796 Non
773 729 882 798 multo
903 737 981 797 ante
1003 730 1210 813 Propertius.
1253 730 1369 796 Tibul·

267 838 320 903 lus
328 838 400 922 jam
417 857 449 902 a.
462 839 537 902 705.
582 833 653 899 Alii
669 841 779 898 tamen
794 832 900 897 aliter.
1002 835 1007 845 “

269 1049 312 1115 U.
329 1049 457 1116 (1712.
490 1049 539 1114 Μ.
555 1048 712 1113 AEmilius
726 1043 878 1142 Lepidus
900 1061 939 1108 ιι.
955 1041 996 1107 1..
1011 1041 1188 1108 Munatius
1201 1039 1364 1107 Plancus.

610 1146 655 1211 A.
672 1146 711 1212 C.
725 1146 781 1210 ta.
818 1146 956 1211 Horatii
970 1150 1025 1227 ti.

273 1371 276 1380 1
311 1289 364 1356 Gi.
390 1307 445 1354 ιιι.
467 1289 533 1355 Od.
557 1289 611 1353 14.
633 1290 689 1353 lin.
731 1287 909 1352 Triumviri
933 1284 1369 1352 Caesaridiviuoshuuures

269 1390 458 1469 decernunt,
481 1401 516 1455 et
539 1391 583 1455 ab
604 1409 646 1455 eo
669 1395 817 1472 tempure
833 1387 1042 1453 Octavianus
1057 1392 1067 1420 ‘
1084 1385 1185 1451 Dini'
1200 1385 1292 1448 filius
1308 1373 1365 1469 ap'

269 1491 422 1575 pellatur.
466 1491 534 1556 Dio
549 1489 739 1558 xavrr.18.
757 1491 808 1553 19.

312 1589 352 1656 Ia
367 1591 478 1656 AElius
491 1591 609 1656 Lamia
624 1589 754 1655 Praetor
768 1600 910 1655 creatur.
955 1588 1080 1654 Incidit
1092 1587 1166 1653 rixa
1187 1589 1275 1652 iuter
1296 1587 1369 1652 Ru-

269 1691 391 1778 pilium
412 1689 536 1774 Regem
560 1699 594 1756 et
616 1691 783 1771 Persium,
810 1712 923 1757 curam
945 1692 1050 1757 Bruto
1075 1692 1213 1772 agitata,
1240 1707 1316 1754 cum
1338 1692 1370 1754 is

269 1791 390 1855 Asiam
413 1799 553 1874 teneret;
588 1812 689 1876 quam
709 1793 890 1874 descripsit
915 1792 1079 1857 Horatius
1104 1809 1128 1853 r·
1153 1791 1224 1856 Sat.
1250 1793 1282 1856 7.
1310 1811 1371 1858 nec

271 1899 380 1956 tamen
395 1893 473 1956 idea
488 1893 532 1957 ad
548 1893 636 1957 hunc
652 1893 763 1977 ipsum
774 1913 895 1958 anuum
912 1891 1041 1976 Ecloga
1054 1893 1235 1956 reserenda.
1361 1877 1368 1892 ’

314 1992 413 2058 Auno
435 1994 503 2058 scra
527 1999 672 2058 exeunte
699 1995 753 2058 bis
775 2002 941 2078 pugnetur
960 1993 1050 2076 apud
1074 1991 1266 2077 Philippus,
1281 1991 1316 2056 iu
1329 2011 1376 2078 ea¹

272 2094 484 2159 Macedoniae
512 2101 616 2179 parte,
647 2091 723 2178 quae
758 2095 838 2160 olim
867 2097 912 2160 ad
946 2094 1124 2159 Thraciam
1157 2095 1372 2176 pertinuerat.

270 2195 394 2261 Brutus
415 2202 449 2260 at
470 2193 609 2260 Cassius
631 2197 713 2261 victi
734 2196 778 2262 ad
800 2203 940 2261 mortem
956 2196 1212 2278 compelluntur.
1257 2195 1372 2258 Hora-

271 2299 340 2361 tius
355 2303 434 2382 post
449 2298 590 2362 alterum
602 2298 754 2380 prelium
768 2297 850 2380 suga
864 2299 1005 2363 salutem
1023 2297 1120 2380 petit.
1143 2293 1233 2360 Vide
1250 2312 1290 2358 ιι.
1306 2294 1373 2364 ud.

271 2396 303 2461 7.
317 2398 351 2465 9.
395 2397 475 2462 Nou
490 2395 580 2461 aliud
600 2396 724 2462 bellum
745 2401 914 2465 cruentius
929 2399 1024 2465 crede
1038 2397 1298 2463 clarissimorum
1313 2396 1373 2461 ho-

272 2498 400 2563 minnm
421 2498 496 2563 tuit.
539 2495 661 2563 Vellei.
687 2517 726 2563 rr.
745 2501 801 2565 71.
846 2500 914 2564 Sed
939 2501 1058 2565 eodem
1079 2506 1228 2583 tempore
1252 2498 1374 2563 classis

274 2597 467 2677 Octaviani,
482 2598 567 2664 dure
592 2600 742 2665 Domitio
766 2600 923 2682 Calvino,
946 2602 981 2666 iu
1002 2602 1084 2666 mari
1100 2601 1210 2681 Ionio,
1226 2620 1248 2665 a
1263 2599 1374 2665 Statio

275 2698 396 2766 Murco
410 2708 445 2765 et
460 2698 520 2767 Cu.
537 2700 689 2767 Domitio
704 2702 928 2769 Ahenobarbo
941 2702 1142 2787 profligatur.

317 2800 479 2867 Claudius
493 2800 654 2869 Tiberius
670 2804 765 2871 Nero
778 2806 940 2885 nascitur,
958 2821 1015 2868 111.
1031 2805 1110 2871 Kal.
1127 2804 1288 2870 Decemh.
1365 2888 1370 2899 Ι

371 3012 415 3079 U.
432 3014 471 3079 C.
485 2994 561 3082 713.
588 3108 592 3117 ,
605 3018 644 3083 L.
659 3016 837 3086 Antonius.
862 3020 902 3085 P.
917 3018 1079 3085 Servilius
1094 3018 1277 3084 Isauricus.

617 3118 660 3185 A.
677 3120 716 3186 G.
731 3122 785 3187 41.
829 3119 965 3187 Horatii
979 3123 1033 3207 ig.

320 3249 499 3317 Redeundi
520 3253 718 3336 impunitate
741 3253 843 3319 victis
867 3254 995 3333 oblata,
1021 3252 1101 3318 dum
1126 3254 1235 3329 multi,
1256 3253 1292 3317 iu
1323 3252 1378 3318 his

276 3350 460 3433 Pompeius
475 3351 664 3435 Grosphus,
686 3348 826 3419 Horatii
847 3356 975 3421 amicus
994 3355 1091 3439 (vide
1114 3371 1155 3420 rr.
1179 3354 1246 3419 0d.
1259 3352 1321 3439 7.),
1342 3354 1378 3449 iu

277 3452 450 3516 Brutianis
466 3452 615 3534 partibus
630 3460 776 3532 manent,
792 3461 892 3539 atque
916 3475 938 3520 a
961 3456 1074 3521 Statio
1097 3456 1217 3521 Murco
1240 3457 1291 3520 vel
1312 3454 1377 3519 Cu.

277 3549 502 3617 Ahenobarbo
516 3551 654 3635 recepti,
669 3553 713 3618 ad
728 3555 808 3620 Sex.
823 3555 1025 3645 Pompeium
1047 3559 1083 3623 in
1098 3557 1251 3626 Siciliam
1266 3557 1379 3641 proin·

278 3652 373 3733 ginut
394 3648 481 3737 (Dio
506 3668 630 3719 xuvrt.
652 3661 739 3723 extr.
761 3654 886 3723 Vellei.
910 3676 953 3723 ιι.
973 3660 1028 3726 72.
1051 3657 1191 3745 01711),
1216 3659 1379 3725 Horatius

277 3750 377 3836 hujus
392 3750 470 3817 anni
485 3752 583 3819 initio
600 3756 635 3819 iu
659 3756 793 3849 ltaliam
816 3760 912 3827 redit.
958 3759 1117 3842 Magnam
1144 3760 1180 3823 iu
1193 3761 1258 3824 hoc
1274 3758 1380 3824 reditu

278 3859 512 3937 tempestatem
532 3876 651 3940 puseus
674 3858 821 3925 creditur
834 3862 877 3926 ad
893 3862 1087 3928 Palinurum
1101 3860 1378 3945 promontorium,

279 3959 316 4017 et
329 3954 393 4020 huc
403 3956 475 4041 jam
490 3956 695 4024 Scholiastes
718 3963 825 4026 traxit
847 3978 904 4026 ιιι.
919 3960 986 4027 tld.
1006 3964 1039 4025 4.
1053 3960 1108 4025 28.
1153 3960 1254 4039 Quod
1268 3966 1381 4025 tamen

279 4074 345 4120 nou
360 4072 449 4138 opus
463 4064 529 4135 ast,
544 4078 620 4123 euru
634 4060 667 4123 iu
682 4062 748 4127 isto
758 4062 865 4128 reditu
879 4064 1007 4147 potius,
1021 4081 1122 4148 quarn
1136 4062 1205 4126 atio
1219 4068 1381 4146 tempore,

280 4154 329 4223 ibi
343 4157 561 4241 periclitatum
583 4178 670 4227 esse.
715 4162 801 4231 Item
824 4166 866 4231 ad
888 4164 1011 4241 navim,
1033 4182 1101 4247 qua
1126 4164 1277 4240 redisset,
1297 4182 1380 4247 quo·
