3175 4900
512 714 935 813 EXCURSUS

362 928 446 1001 AD
486 929 828 1012 condurdum
868 938 986 1013 utu.
1029 940 1086 1013 tt.

596 1177 851 1238 -—··-····‚-·=

533 1387 851 1456 EXGURSUS
891 1392 920 1456 1.

622 1535 833 1588 euomxu.

589 1684 638 1731 uu
664 1684 868 1734 murnum.
893 1736 903 1753 .-

182 1795 374 1877 Maounruut
386 1832 412 1876 et
423 1824 522 1876 atrocia
532 1826 601 1877 belia
619 1832 696 1890 genta
706 1826 776 1876 iuter
791 1826 894 1877 Horatii
907 1827 999 1894 Iotpp.
1014 1828 1048 1878 de
1059 1831 1110 1881 irae
1123 1828 1276 1894 iiuymniat

178 1921 235 1971 quta
244 1918 324 1958 oottra
335 1904 397 1956 iicet
405 1918 493 1967 partim
502 1904 620 1968 proiecto
629 1908 753 1955 momenti
765 1905 871 1968 habeat,
879 1913 965 1957 tameo
977 1924 1042 1972 opna
1054 1918 1094 1959 eat
1104 1918 1177 1960 reate
1187 1910 1221 1959 de
1230 1910 1276 1959 iiia

174 1982 294 2048 judicare
314 1996 390 2047 porte
405 1983 607 2035 adolescentem.
639 1986 699 2036 Qua
714 1984 806 2035 eadem
823 1986 857 2035 de
877 2001 914 2051 re,
934 1988 1002 2052 quod
1016 2003 1067 2038 nou
1080 1980 1191 2039 auianum
1202 1988 1277 2050 aliar,

177 2065 318 2115 varientur
340 2063 461 2112 librorum
478 2064 505 2111 in
524 2065 627 2113 nomine
645 2064 738 2127 puellae
751 2067 1110 2130 aoouratiuapereenruimur.
1141 2067 1277 2118 Acerrime

179 2145 247 2195 euim
258 2143 394 2195 contendit
405 2144 502 2194 Daeer.
512 2143 585 2208 (port
596 2146 626 2195 Τ.
639 2144 760 2203 Fabium,
772 2146 858 2210 Epirt.
868 2158 901 2195 n.
919 2146 973 2208 ot)
988 2148 1153 2197 aeribeudum
1164 2146 1276 2197 erre-Ia·-

178 2225 264 2277 einim
273 2242 283 2283 ,·
291 2238 349 2274 natu
360 2238 418 2274 oum
430 2223 594 2288 proie'ciriru
602 2224 734 2273 atioieina'o
742 2225 1278 2289 etiamiaieiaaiaretideieriateripaeriot,

177 2306 227 2355 hoo
247 2305 359 2356 Horatio
377 2306 476 2356 reniam
494 2302 598 2354 deditre
610 2304 781 2370 producendae
794 2306 898 2370 apiiabae
909 2307 939 2356 oi.
973 2306 1024 2356 Sed
1036 2320 1095 2356 enm
1106 2306 1156 2355 aoii
1165 2307 1277 2356 ueriorea

178 2386 319 2450 aoriptorea
329 2384 425 2447 Groui,
438 2392 467 2435 nt
478 2384 541 2447 Dio,
557 2382 673 2433 Λικίννιον
688 2384 785 2449 dieunt,
797 2386 834 2433 ilii
845 2399 879 2434 ex
894 2385 1030 2452 Augusteo
1040 2385 1146 2447 auouio,
1160 2388 1202 2436 rei
1214 2392 1276 2435 aute

177 2465 250 2529 iilud,
263 2473 292 2517 ut
302 2466 438 2529 Polybius,
447 2465 588 2529 Dionyaiue
598 2465 685 2516 Helio.
696 2464 917 2529 uemperltuirm
925 2478 975 2515 neo
983 2444 1112 2516 nominatur
1122 2465 1275 2517 Latinorum

179 2547 266 2598 Greci
284 2546 375 2596 ubitri
393 2545 478 2611 potiua
496 2559 553 2597 erra
565 2545 674 2610 pouiut,
693 2559 771 2610 quam
782 2547 906 2607 Romani3
922 2545 1000 2598 iaeiie
1017 2546 1148 2599 refutatur
1166 2546 1274 2598 Daeerii

179 2627 266 2678 lertio.
1255 2642 1259 2648 ·

211 2707 264 2758 Sed
276 2709 380 2770 gravior
398 2709 475 2758 etiam
491 2708 523 2759 lie
538 2715 579 2758 eat
590 2707 623 2758 de
642 2707 699 2772 ipra
718 2708 861 2774 Licymnia.
892 2709 1003 2760 Plurimi
1018 2708 1183 2762 ineruntriri
1194 2707 1278 2770 docti,

178 2789 221 2854 qni
232 2787 375 2851 rigrdiieari·
383 2795 506 2852 putarent
517 2788 679 2849 Terentium,
690 2788 844 2838 Maecenati·
855 2802 972 2840 uxorem.
997 2790 1029 2839 Iu
1040 2790 1079 2839 hie
1090 2796 1151 2839 runt
1160 2789 1282 2839 Lambim·

179 2869 263 2934 Crnq:
272 2869 376 2918 Marcii.
388 2869 538 2920 Manoiuaii.
549 2870 582 2919 Τ.
592 2869 685 2930 Faber,
695 2868 839 2926 Boudeion,
846 2870 944 2919 Daaer.
954 2870 1065 2920 Geauer.
1074 2877 1102 2920 at
1112 2883 1197 2932 nuper
1205 2869 1233 2921 J.
1243 2869 1276 2920 1².

179 2948 294 3000 Solimid.
301 2954 329 2998 et
342 2947 450 3006 Sirriua,
461 2948 511 2998 riri
522 2949 666 2999 clarissimi.
698 2949 733 2998 Et
740 2949 799 3012 jam
809 2948 870 2998 olim
881 2949 970 3010 tuine,
980 2949 1025 3014 qui
1036 2949 1063 3000 id
1072 2951 1277 3013 aurpioareutur,

179 3027 334 3091 intelligitur
345 3041 377 3076 ex
389 3028 495 3077 Acrone
505 3027 538 3077 ad
550 3040 588 3078 ua.
599 3031 639 3076 lt.
671 3027 822 3091 ‘Licymnia
833 3035 878 3077 ant
888 3041 954 3078 uxor
965 3028 1129 3089 Morounda,
1140 3031 1186 3076 aut
1197 3026 1277 3088 ipeiur

180 3109 283 3160 Horatii
299 3107 398 3157 amica)
431 3108 467 3158 Et
478 3107 574 3158 oiariur
589 3108 668 3158 etiam
684 3108 753 3158 idem
771 3107 857 3158 Acron
869 3108 902 3157 ad
919 3109 1008 3158 nSat.
1025 3112 1050 3158 2.
1067 3111 1108 3157 ot.
1140 3105 1278 3155 ‘Villluoia

180 3189 283 3258 Furta]
301 3189 410 3252 Semper
425 3189 527 3238 incerte
541 3189 645 3237 nomina
663 3203 710 3251 pro
727 3189 845 3248 incertia,
856 3196 886 3237 ut
898 3187 980 3237 alibia
996 3187 1059 3236 ‘Me
1070 3186 1152 3236 dulcit
1162 3185 1276 3236 uomina

179 3269 257 3318 Muta
268 3267 426 3330 Licymniea'
444 3281 491 3330 pro
502 3269 646 3318 ‘'i'ereutiaa
657 3267 675 3314 τ’
690 3275 733 3317 etr
749 3267 907 3317 ‘Maithiuua
915 3267 1008 3317 tuniolo
1016 3265 1134 3316 demiaria
1143 3263 1278 3322 ambulat,¹

180 3363 228 3413 pro
239 3347 386 3398 ‘Maecenat
397 3347 414 3396 ι’
425 3359 454 3398 et
463 3350 520 3398 irie:
532 3347 643 3397 ‘viiiiur
654 3348 682 3397 iu
693 3346 807 3404 Fauata:
817 3347 894 3414 pro,‘
905 3346 1006 3397 Annine
1014 3347 1041 3395 iu
1051 3347 1149 3396 Faurta
1158 3343 1175 3394 ε’
1184 3342 1276 3394 eodem

179 3442 284 3478 numero
300 3427 457 3492 ayiiabarum
478 3428 703 3478 commutationem
725 3427 855 3476 nominum
867 3425 951 3476 feeit:
983 3425 1045 3488 Hic,
1064 3425 1114 3475 uiri
1132 3438 1174 3474 me
1192 3423 1278 3474 omnia

178 3507 282 3566 feliunt,
294 3508 428 3573 primariua
439 3507 533 3559 iuudua
545 3514 586 3558 ert
597 3507 664 3557 iiiiur
676 3507 789 3557 virorum
801 3505 936 3557 doctorum
947 3506 1094 3555 tententiae.
1127 3505 1195 3554 flua
1209 3504 1277 3554 ratio

179 3589 268 3653 etiam,
285 3603 332 3639 eur
350 3590 448 3638 Daoer.
467 3596 518 3638 tam
535 3586 706 3651 pertinaciter
721 3585 841 3635 Μαίη
857 3585 910 3648 legi
926 3585 1000 3648 velit,
1010 3583 1277 3649 putaua‚'i'ereutiam

178 3669 258 3732 iiiam,
267 3669 326 3733 quie
337 3667 419 3718 irater
430 3668 545 3718 Lieiuiua
554 3669 638 3718 Varro
649 3667 768 3716 Mrtroeua
779 3665 900 3731 audierit,
908 3673 937 3715 et
947 3667 1030 3730 ipram
1042 3665 1165 3715 licinium
1177 3664 1275 3715 dictam

179 3747 266 3799 t'uiaae.
296 3749 348 3799 Sed
366 3764 418 3800 nou
433 3750 517 3813 videt,
532 3762 609 3813 quam
627 3746 654 3797 id
673 3761 762 3810 purum
779 3745 880 3796 firmum
895 3746 941 3801 ait,
952 3759 994 3808 ao,
1005 3744 1105 3795 etiamai
1117 3745 1275 3795 auctoritate

178 3828 383 3894 ooniirmnretur,
393 3843 468 3895 quam
481 3842 570 3894 parum
583 3835 644 3878 tuno
656 3826 708 3877 diui
721 3833 810 3891 portet
822 3839 914 3875 nornen
926 3823 1014 3874 fictum
1029 3839 1077 3888 pro
1087 3839 1149 3875 vero
1160 3825 1278 3888 poeninae

179 3911 314 3961 Horutina.

211 3993 281 4050 Jtm,
293 3998 321 4040 ut
332 3989 367 4040 ad
379 4003 433 4039 rem
445 3991 586 4051 veniuntne,
598 3988 722 4052 iptorum,
733 4000 800 4052 qnoa
810 3985 931 4047 diximus,
941 3985 1054 4035 virorum
1071 3984 1207 4035 doctorum
1217 3987 1275 4051 qut·

179 4070 286 4120 burdam
299 4069 443 4118 intuentem
453 4069 524 4118 reuit
532 4068 619 4133 gravia
629 4066 793 4117 deTereutiu
805 4064 942 4115 dubitatio.
960 4065 1023 4114 Eam
1035 4066 1103 4114 euim
1114 4071 1215 4116 oourmt
1223 4066 1276 4117 for·

178 4149 346 4200 merissimam
358 4147 472 4212 quidem,
481 4148 527 4198 aed
542 4154 569 4197 et
579 4160 706 4197 morosam
718 4145 856 4194 admodum
867 4145 1013 4209 elatamque
1025 4142 1122 4205 inirre3
1139 4145 1276 4196 continuat

179 4233 247 4282 inter
257 4229 339 4294 ipram
352 4235 380 4280 et
391 4229 510 4277 maritum
521 4225 600 4278 t'uieae
612 4227 685 4286 iiten
704 4239 773 4290 rupe
785 4239 843 4276 ram
859 4224 952 4276 abina
964 4223 1136 4294 repudiatore,
1148 4224 1204 4291 aed,
1215 4239 1275 4278 oum
