3175 4900
638 417 671 473 Q·
696 413 853 461 nonsrtt
881 415 1010 462 resecr
1110 487 1116 495 ¹

454 555 525 620 Vix
540 555 700 637 illigatum
714 564 749 618 te
762 557 900 620 triformi

497 657 649 739 Pegasus
664 657 823 740 expediet
837 657 1012 722 Chimaera.

280 847 390 908 Pegasus
398 847 536 912 implicitant
546 854 571 897 le
580 849 624 897 νὴ
634 847 746 898 liberabit
756 862 786 896 ex
796 848 846 896 t'slo
858 847 977 896 clim
989 846 1103 906 frilerrni.

279 1089 344 1133 -64
361 1087 467 1146 Pegasos
478 1087 586 1150 coming.
604 1087 700 1150 expedit
715 1102 746 1135 ex
764 1087 884 1135 Chimera
902 1086 972 1148 Lips.
983 1091 1010 1134 t.
1034 1085 1143 1147 expedint
1157 1083 1202 1134 Cb.
1220 1083 1329 1146 Coning.
1342 1091 1372 1132 et

279 1149 618 1214 stand-Chimoeraequidam
631 1151 720 1199 Lsmh.
729 1151 824 1200 Venet.
839 1153 909 1201 1696.
920 1151 1021 1199 Febrio.
1034 1149 1097 1198 Feb.
1109 1149 1198 1211 steph.
1207 1155 1234 1196 el
1247 1147 1372 1210 Rutgets.

280 1212 391 1261 etima
402 1214 468 1263 Erro.
479 1214 539 1263 sax.
550 1214 631 1263 Brod.
639 1223 667 1262 et
679 1214 768 1263 Zarot.
852 1279 857 1288 ι

772 1360 879 1410 NOTAE

282 1467 286 1474 ·
311 1455 344 1500 26
359 1452 408 1500 Vre
417 1451 537 1513 illigatum
546 1453 750 1518 letnfonm,t·c.]
759 1454 805 1517 lp·
843 1458 900 1503 966.
929 1453 1039 1503 ‘Prima
1060 1455 1110 1513 leo,
1133 1457 1263 1515 postrema
1283 1449 1372 1510 dtsoo,

281 1541 309 1576 se
322 1526 501 1590 Bellerophon,
516 1529 560 1592 qni
575 1530 675 1592 Pegaso
689 1529 804 1579 insidens
844 1527 926 1578 medis
937 1529 992 1592 ipss
1005 1527 1150 1579 Chimaera!
1167 1525 1245 1575 Ovid.
1256 1526 1373 1575 Menix.

280 1602 430 1652 Chimaetam
442 1603 582 1660 interfecit,
593 1605 679 1667 eapite
693 1612 738 1652 ant
752 1604 804 1652 for·
843 1609 901 1654 bib.
914 1605 1018 1654 ‘mediis
1028 1605 1053 1652 in
1065 1602 1295 1667 partihnshircnm,
1305 1601 1373 1650 Pec-

277 1691 319 1724 ma
336 1677 432 1739 tripiici
444 1677 607 1738 horrendam,
619 1678 661 1726 vix
673 1685 701 1727 te
711 1679 804 1726 libera·
845 1687 886 1727 tus
897 1687 924 1728 et
935 1693 980 1729 ors
991 1681 1049 1740 lete,
1060 1677 1168 1728 cendam
1186 1676 1315 1738 serpentis
1326 1677 1372 1723 htt-

278 1750 317 1798 bit
337 1750 370 1800 tb
386 1751 437 1801 iste
453 1765 534 1814 prate
547 1752 654 1802 muliere
664 1753 724 1802 hnic
735 1767 805 1802 mon·
843 1757 941 1806 behet!
970 1757 1027 1806 Hoc
1039 1771 1100 1805 vero
1113 1757 1287 1820 Bellerophon
1298 1755 1380 1817 Nep·'

278 1831 331 1875 stro
342 1840 392 1874 non
404 1827 522 1876 absimili.
554 1827 624 1876 Vide
634 1826 709 1878 infra.
844 1839 906 1881 tuno
929 1833 1040 1894 adjutus,
1067 1834 1136 1881 elato
1155 1845 1222 1894 eqno
1244 1831 1372 1886 invectus,

310 1905 343 1950 tt
359 1901 478 1964 Pegasos]
495 1901 571 1966 Apud
584 1901 671 1953 strab.
683 1909 711 1952 et
721 1902 806 1952 Palm·
844 1908 946 1971 sagittis
958 1907 1080 1957 confecit.
1107 1907 1234 1956 Lucienus
1251 1905 1321 1953 Dial.
1336 1904 1371 1953 de

279 1979 349 2040 phet
366 1979 480 2041 Pegssus
492 1994 542 2027 non
553 1986 593 2029 est
604 1978 748 2044 equus,sed
760 1986 805 2029 nt·
845 1983 943 2032 Astrol.
963 1985 1001 2033 sit
1017 1983 1121 2031 minime
1139 1982 1188 2030 sihi
1210 1995 1372 2044 persuasum,

278 2055 316 2101 vis
328 2055 402 2116 longe
413 2061 440 2103 et
452 2055 584 2116 cititsims,
594 2055 644 2103 hoo
654 2055 712 2104 ideo
723 2056 804 2104 nomi·
843 2060 937 2108 alatum
949 2058 1143 2121 Bellerophonti
1163 2071 1255 2120 equum
1271 2055 1370 2104 fuisse:

278 2144 311 2180 ne
329 2131 460 2194 insignite,
479 2145 529 2193 qus
548 2131 719 2192 Bellerophon
736 2131 803 2180 inse·
844 2148 932 2183 rernm
954 2142 1056 2196 putare,
1067 2133 1138 2181 ilfnm
1159 2132 1217 2180 talis
1234 2132 1371 2194 sapientire

277 2214 354 2254 entus
366 2205 560 2269 comprehendit
572 2211 599 2254 et
608 2205 703 2254 cecidit
713 2205 803 2269 Lycio·
843 2208 930 2257 studio
947 2207 1073 2268 deditum,
1089 2207 1207 2256 sublimis
1223 2215 1250 2255 et
1262 2221 1318 2269 qttte
1336 2206 1372 2255 sd

278 2294 333 2327 rum
346 2279 456 2339 Ducem,
469 2280 571 2328 nomine
587 2279 750 2335 chimeram.
764 2279 803 2340 pi·
842 2283 928 2331 sidera
947 2285 1081 2345 pertinent
1094 2282 1261 2330 meditantem
1278 2281 1304 2329 in
1318 2295 1372 2330 ote·

277 2355 361 2403 rstica
377 2352 509 2413 infamem,
527 2360 629 2403 vectum
646 2354 713 2416 navi,
728 2354 803 2416 eojtta
843 2359 894 2406 inm
912 2357 1057 2408 escendisse
1076 2371 1128 2407 non
1140 2371 1205 2419 equo
1217 2357 1261 2404 sed
1275 2363 1371 2405 mente.

278 2442 355 2496 prora
375 2429 466 2491 leonis,
489 2429 583 2493 poppis
605 2429 733 2491 draconis,
751 2442 804 2478 me·
843 2430 947 2481 videet
959 2432 1024 2481 Coel.
1041 2431 1149 2492 Rhodig.
1166 2444 1229 2480 χιιι.
1241 2435 1267 2481 fl.
1285 2431 1371 2480 Porto

277 2504 347 2551 dium
366 2517 453 2566 ceptae
472 2501 580 2565 effigiem
602 2510 647 2551 snt
666 2503 803 2565 imaginem
844 2507 910 2557 bene
923 2508 1218 2557 Horstintmeretrioem
1236 2522 1292 2557 oum
1311 2508 1371 2557 Chi·

278 2579 409 2640 depiottm
431 2580 578 2627 exhibebat.
620 2578 740 2641 Hincqne
764 2577 802 2626 fn·
844 2597 923 2631 meere
951 2582 1061 2633 confert.
1094 2582 1178 2645 Hujus
1201 2582 1270 2631 enim
1290 2583 1371 2633 habet

277 2653 346 2707 bule
367 2653 438 2701 locut
455 2651 543 2713 dolus,
563 2657 628 2699 lette
645 2652 724 2700 ellam
742 2651 803 2700 Plu·
843 2657 888 2705 illa
907 2672 1042 2715 venenum,
1071 2655 1199 2717 foetorem,
1219 2655 1371 2717 feritatem

278 2728 378 2787 tsroho,
390 2727 509 2775 decianis
521 2724 677 2774 mulieribus.
843 2731 1001 2795 impuraeqne
1017 2730 1131 2781 libidinis
1147 2729 1261 2781 flammas
1274 2733 1369 2794 passim

310 2803 425 2864 liisorms'
443 2800 565 2863 chimera]
592 2801 632 2850 Ex
652 2798 740 2850 Sttsb.
759 2801 803 2851 cit
843 2813 956 2857 eructet.
990 2806 1065 2856 Adde
1084 2806 1255 2870 quodtmoris
1274 2807 1370 2870 prinei·

276 2880 405 2929 Monsille
414 2879 500 2944 Lyoite
509 2877 660 2941 ignivomus,
670 2876 802 2925 invertite
843 2880 886 2941 pis
902 2881 1026 2945 impetum
1048 2882 1137 2943 leonio,
1152 2880 1264 2931 medium
1279 2896 1369 2945 osprae

275 2955 371 3017 leones,
386 2954 412 3002 in
428 2953 511 3002 medio
528 2966 630 3015 capras,
640 2948 673 2998 ad
689 2949 802 2998 redicem
841 2954 1011 3016 salacitatem,
1027 2955 1084 3005 finis
1101 2964 1185 3005 sutem
1198 2955 1292 3005 doloris
1303 2970 1369 3005 mor·

276 3035 410 3093 serpentes
426 3026 547 3077 habebat.
580 3024 657 3074 Hunc
667 3038 730 3072 vero
741 3023 802 3072 Bel·
842 3043 885 3078 sut
896 3030 968 3079 velot
984 3032 1113 3093 serpentis
1129 3046 1160 3080 ao
1173 3032 1289 3080 draconis
1309 3032 1369 3081 leti·

273 3105 398 3169 lerophon
414 3102 571 3166 expurgavit
589 3107 617 3148 et
634 3098 801 3148 inhabitatum
842 3101 1107 3167 ferosnttnquamnon
1119 3106 1209 3153 exerit.
1248 3105 1367 3167 Fulgent.

275 3183 346 3245 pritts
368 3180 461 3230 exinde
486 3176 652 3228 habitabilem
678 3174 801 3224 reddidit.
842 3177 954 3239 Mythoi.
973 3179 1074 3231 lihrn.
1099 3179 1367 3243 Chimaerretanntm

276 3256 352 3319 Apud
364 3254 522 3304 fabulatores
540 3254 660 3302 Chletoero
676 3258 718 3300 est
730 3266 801 3300 mon·
842 3256 880 3303 tei
892 3269 949 3318 quae
961 3269 1089 3317 nunquam
1101 3252 1150 3303 fuit
1162 3262 1207 3304 eut
1217 3268 1273 3321 esse
1284 3256 1368 3318 potuit

275 3341 357 3382 atrum
368 3332 484 3393 triforme,
496 3338 576 3393 cspnt
592 3335 620 3377 et
630 3327 709 3391 pedes
720 3327 802 3375 leonia
841 3328 957 3377 meminit
968 3328 1065 3377 Tullius
1080 3329 1113 3378 de
1128 3330 1189 3377 Nat.
1208 3329 1289 3379 Deor.
1302 3342 1322 3377 t.
1338 3344 1367 3381 n.

275 3407 381 3464 habens,
389 3421 474 3469 oaprae
484 3401 733 3461 ventrem‚draoonis
742 3416 801 3450 osu·
841 3406 898 3452 lon.
910 3411 936 3451 et
948 3402 979 3451 sd
998 3402 1081 3453 Attio.
1099 3416 1132 3453 tt.
1146 3402 1281 3453 resistet
1300 3404 1367 3453 nitet

275 3479 349 3528 dnm:
367 3478 457 3541 πρόσθε
475 3478 545 3539 λέων,
562 3478 640 3527 berto
664 3473 689 3523 tt
705 3474 803 3538 botruo,
841 3477 996 3528 versiculum
1015 3476 1147 3542 Graecum,
1165 3478 1210 3546 qui
1229 3492 1306 3543 sopra
1320 3478 1367 3531 ha-

274 3551 505 3617 plsenblxlpape.
533 3551 603 3603 Hinc
620 3550 755 3601 Lucretius
772 3564 801 3603 r.
841 3550 924 3605 betur·
