3175 4900
546 401 750 450 onnuruorr
777 403 848 449 nin.
872 385 969 450 1:28.

594 653 693 718 omi
726 653 914 718 XXVIII.

211 809 335 874 Archyta
347 811 481 860 Tarentini
492 811 579 860 eximii
598 810 768 875 Pythagorici
784 813 913 874 exemplo,
922 811 965 876 qui
978 811 1003 860 in
1016 812 1104 861 littore
1116 810 1218 876 Apollo
1230 825 1246 859 u
1256 811 1302 860 mi-

243 904 301 940 rero
311 889 445 956 naufragio
457 891 501 940 diu
513 890 658 939 inhumatur
670 891 765 953 jacuit,
776 890 893 939 ostendit
903 891 970 940 idem
989 889 1070 939 sutrim
1083 899 1109 939 et
1121 891 1198 940 bonor
1210 898 1238 939 et
1248 904 1302 939 mu-

245 972 283 1020 lor
295 971 320 1018 in
332 971 378 1020 lruc
389 971 567 1020 vitumuuere.
599 969 699 1019 collido
710 969 822 1032 Dilopir,
837 970 892 1019 rive
909 969 1053 1033 lipporum,
1072 971 1146 1019 Bruti
1163 970 1203 1019 oui
1219 967 1301 1018 tutum

243 1048 334 1113 dedet,
342 1049 475 1113 flebilique
483 1058 510 1101 et
519 1051 628 1113 simplici
640 1063 758 1099 rermoue
768 1050 839 1099 dolet
851 1063 974 1098 rnmmuur
984 1051 1105 1099 virtutem
1118 1051 1163 1099 toli
1175 1050 1228 1098 viro
1240 1050 1301 1099 nihil
1335 1071 1337 1074 ·

245 1129 381 1192 profuitne.
414 1130 532 1194 (Fateor,
542 1143 583 1178 me
594 1143 678 1193 neque
692 1129 802 1178 Brutum
814 1128 855 1177 irio
873 1129 998 1189 iuvenire,
1009 1143 1092 1192 neque
1106 1129 1181 1178 ulium
1195 1128 1298 1192 Aliego·

244 1210 307 1258 rium
319 1210 361 1257 rel
372 1208 501 1272 Dilogiun,
512 1217 556 1258 rut
567 1209 707 1258 irririunenr
720 1208 785 1258 odeo
791 1208 891 1257 Turutii
903 1208 980 1270 iliius,
992 1208 1025 1257 de
1036 1223 1088 1272 qun
1096 1209 1152 1257 Clo.
1166 1207 1199 1257 de
1210 1209 1299 1258 Divin.

245 1301 277 1336 ιι.
287 1291 328 1336 dl.
345 1288 467 1351 Surpicor
473 1288 559 1352 potior
566 1287 733 1345 inimicante,
740 1301 900 1352 quocumque
907 1286 1032 1337 invitante
1040 1287 1182 1352 occasione,
1194 1288 1301 1338 Pu'e‘tum

244 1367 286 1414 vel
303 1365 424 1416 eGraeou
439 1367 605 1430 exprerrirre,
622 1367 663 1416 rel
678 1368 760 1430 iprum
775 1367 867 1416 lurioue
880 1367 959 1415 talem
970 1380 1029 1416 curn
1042 1367 1158 1431 Archyta
1175 1367 1301 1432 Dialogiu-

243 1460 321 1507 mum,
336 1460 387 1510 quo
399 1445 539 1494 runitutem
550 1447 692 1496 studiorum
708 1447 876 1495 lrornouoruru
893 1453 983 1495 contro
999 1447 1137 1496 Portunum
1149 1454 1177 1496 et
1193 1455 1300 1498 mortem

243 1525 364 1574 ortendit.
406 1524 504 1588 Incipit
515 1533 600 1574 tutem
617 1532 695 1574 nuutu
712 1525 782 1589 opud
794 1525 906 1575 cadaver
918 1524 1041 1589 Arelrytae
1053 1527 1168 1576 mireruri
1180 1528 1234 1590 ejuu
1246 1542 1299 1576 ror·

244 1611 305 1653 tem.
323 1601 410 1667 Geru.)

297 1735 351 1798 Τις
365 1734 468 1796 maris
480 1739 513 1797 et
526 1738 622 1797 terrae
637 1751 839 1815 numeroque
855 1733 996 1796 carentis
1010 1750 1118 1796 aronae

341 1835 531 1898 M'ensorem
548 1836 711 1908 cohibent,
727 1817 890 1916 Arch'ytu‚

247 2012 270 2058 0
280 2009 397 2074 Archyta,
409 2017 441 2071 te,
451 2011 491 2074 qui
500 2025 565 2060 mure
576 1972 707 2072 torumque
715 2017 740 2060 et
749 2012 854 2060 moelem
863 2011 1031 2060 innumerulilo
1043 2011 1161 2060 dirutum
1173 2024 1206 2064 or,
1216 1971 1301 2058 modici

666 2138 709 2158 ΙΝ
712 2137 847 2160 ΜΟΝΟΙ

245 2217 329 2280 llanr
341 2218 411 2267 Libri
425 2218 483 2267 Ode
495 2219 571 2268 tertio
583 2220 609 2268 iu
621 2220 670 2270 Ed.
681 2221 819 2271 Seuudoui.
854 2220 999 2283 Epigruplte
1011 2218 1037 2267 in
1047 2218 1156 2266 Montel.
1173 2217 1300 2264 Geometru

213 2282 321 2343 rupious
330 2285 359 2331 de
369 2282 513 2345 uuusrugio5
530 2284 637 2334 Veneti.
647 2285 756 2335 Arcens.
767 2293 793 2334 et
805 2285 912 2334 Locher.
931 2283 1043 2332 Orteudit
1053 2287 1150 2330 mortem
1160 2292 1301 2328 ommonem

702 2414 809 2466 Nom

244 2510 358 2559 Metruru
373 2518 413 2560 ert
429 2509 498 2561 idem
512 2510 581 2576 quod
592 2525 670 2575 rupru
681 2511 733 2561 Od.
775 2512 888 2575 pulverio
901 2511 934 2561 ud
946 2508 1111 2574 operiendum
1130 2512 1212 2557 totum
1224 2506 1300 2556 cudu-

214 2600 265 2635 rit.
631 2624 636 2634 .
774 2588 837 2634 ver?
855 2587 931 2650 idque
940 2585 995 2634 t‘rto
1005 2590 1101 2646 negent
1110 2581 1167 2637 tibi,
1175 2580 1219 2645 qni
1230 2576 1300 2631 Geo-

246 2664 258 2708 1
278 2662 310 2710 Te
319 2660 459 2724 montedo]
476 2661 646 2725 ldolupoeiom
656 2660 733 2721 inuig·
774 2669 856 2712 metra
866 2662 995 2725 egregins,
1005 2658 1220 2721 Astrologurque‚
1231 2664 1259 2705 et
1272 2658 1300 2705 in
1408 2711 1409 2714 Ἴ

211 2735 361 2793 netu,rirnul
379 2743 407 2784 et
424 2736 566 2785 irrisionem
580 2735 734 2799 Pythagori·
775 2737 947 2799 Pythagorico
963 2731 1245 2797 discipliuupcrfectne
1261 2729 1300 2781 Iu·
1373 2780 1375 2786 ,

212 2824 249 2858 cae
262 2810 404 2872 disciplina
415 2810 520 2859 exhibet
535 2809 667 2869 Hormine,
678 2810 734 2871 ipee
774 2813 833 2860 iuti?
851 2809 1009 2874 Aiuntuprrd
1022 2806 1156 2873 AEgyptiou
1169 2808 1300 2856 inuentum

211 2885 315 2949 quidem
333 2884 492 2947 Epicureur:
516 2883 632 2947 inprimit
648 2891 734 2931 antem
775 2886 884 2947 primunr
895 2885 1079 2935 Geometriam.
1096 2883 1160 2933 Cum
1172 2881 1300 2931 enimrin·

212 2960 296 3022 carpit
306 2956 504 3007 Mathematicus
515 2956 733 3006 erteudirinuudi.
774 2961 840 3022 pulis
852 2960 925 3008 annio
936 2958 1079 3008 exundaret
1095 2958 1179 3018 Nilne,
1196 2965 1223 3007 et
1238 2958 1299 3005 limo

211 3033 317 3084 lnducit
334 3041 439 3081 uentum
453 3033 528 3082 olrrio
546 3031 666 3081 cadaveri
687 3032 734 3079 Ar·
774 3042 870 3082 cuncto
891 3038 1047 3095 coaeqnuret,
1073 3038 1102 3079 ut
1122 3031 1166 3079 illo
1187 3031 1299 3079 obeunte

211 3108 295 3170 chytae
327 3120 379 3153 non
408 3106 501 3155 leviter
525 3105 734 3167 exprobrantem,
775 3102 1299 3169 nulliegroruutlirniteo,nullodiucrinri·

212 3181 282 3247 quod
299 3182 388 3229 mirere
403 3180 502 3242 jacent.
527 3192 575 3229 nec
594 3179 734 3242 Babyloni·
774 3196 808 3230 nu
824 3186 989 3244 apparerent,
1004 3186 1082 3243 utque
1098 3178 1157 3227 liter
1172 3177 1231 3226 hinc
1246 3176 1299 3226 fre-

210 3271 299 3307 oorum
318 3269 481 3304 numeromm
501 3269 551 3319 ope
576 3263 628 3304 tem
650 3254 734 3304 dirum
774 3262 894 3320 quenteo,
910 3255 1049 3316 orirentur,
1066 3259 1118 3301 tum
1131 3252 1234 3314 demum
1252 3267 1300 3314 per

210 3331 294 3381 t‘uturu
305 3330 418 3379 evitarit.
451 3330 521 3379 Ecce
534 3343 595 3378 vero
609 3328 662 3380 Jol.
673 3328 735 3377 Scu-
774 3332 855 3381 liueuo
866 3338 893 3380 et
910 3343 1042 3379 menturae
1057 3328 1111 3390 egri
1128 3328 1210 3376 notati
1222 3334 1298 3377 tunt:

209 3407 273 3470 liger
284 3406 405 3475 humilem
419 3406 522 3469 stylum,
539 3406 734 3467 interruptoque
775 3400 1298 3469 curaqueillooacerdotiburdemundutr.

213 3482 335 3532 orationir
353 3480 468 3529 membro
483 3481 590 3543 culpet:
616 3478 734 3528 nlmirum
774 3482 852 3531 Hunc
874 3494 952 3543 porro
978 3478 1112 3528 scientium
1136 3478 1168 3526 ud
1190 3477 1298 3528 Grecos

211 3559 260 3608 lroc
272 3558 336 3606 vitio
347 3556 392 3605 dot
404 3554 472 3618 quod
484 3563 540 3605 erut
551 3555 620 3604 leudi
631 3562 734 3603 verten-
774 3557 934 3605 trunutulirre
947 3553 1109 3617 Pythagoreo
1118 3551 1209 3603 fertur.
1233 3553 1299 3603 Vide

212 3633 281 3681 dnm.
308 3632 402 3695 ligitur
412 3631 445 3679 do
456 3632 583 3680 humando
593 3629 733 3680 cadavere:
774 3630 839 3679 eut.
852 3629 963 3690 Rhodig.
975 3640 1057 3677 xvttt.
1069 3630 1110 3675 tt.

211 3708 339 3773 Archytae
359 3713 454 3755 nortem
476 3720 546 3754 uuum
564 3706 733 3755 lumentutnr:
807 3702 1145 3767 Numeroqurcoreutr'roreuo
1153 3703 1298 3766 Meuromu]

213 3799 245 3833 un
256 3798 304 3832 uon
317 3783 368 3830 irtu
378 3781 456 3830 decet
467 3781 550 3829 urutio
561 3780 664 3829 tenuit?
692 3780 734 3828 dn
773 3779 1019 3840 Ecclesiastioicup.
1038 3790 1056 3826 ι.
1074 3776 1204 3826 ‘tirenum
1221 3779 1298 3827 morio

212 3856 481 3921 magniloquentiehic
497 3854 672 3918 congrueret?
699 3853 736 3902 rit
774 3854 831 3917 quio
847 3852 1047 3903 diuumeruviti'
1066 3850 1172 3902 Pindur.
1191 3851 1297 3915 olymp.

212 3934 321 3997 insurgit
336 3932 380 3981 ille
397 3946 489 3995 porro:
513 3932 590 3995 ‘quid
606 3928 673 3993 qnod
684 3929 733 3978 ribi
775 3928 828 3977 0d.
845 3940 876 3976 tr.
887 3928 913 3976 iu
926 3924 985 3986 fine,
995 3924 1087 3988 ψάμμος
1099 3924 1191 3989 inepto
1204 3924 1298 3989 rupturi·

213 4006 298 4054 Poiitu
308 4004 461 4055 contradicit
470 4004 489 4052 i'
504 4008 554 4054 duo.
581 4003 649 4052 Vide
668 4001 735 4051 infru
773 4010 856 4066 prmo,
870 4001 1025 4063 orruusugit
1043 4016 1171 4061 utouerruu.
1204 4002 1297 4051 Mento·

212 4094 249 4129 vo.
259 4084 300 4128 2³.
772 4076 834 4139 rem]
852 4075 1011 4140 Hyperbole.
1036 4076 1149 4137 Scilicet,
1161 4075 1229 4139 quod
1241 4083 1297 4126 erut

246 4156 279 4203 Te
290 4154 364 4203 utorio
379 4160 403 4203 et
417 4161 497 4217 terra,
511 4154 565 4217 iso]
588 4153 734 4218 Alloquitur
773 4149 956 4200 innumerabile
975 4151 1069 4199 ceteris
1089 4151 1144 4211 ipre
1162 4162 1296 4199 numerere

213 4228 299 4280 Poiitt
310 4228 463 4291 Arclrytum:
488 4230 584 4279 richne
603 4227 677 4278 deest
694 4236 734 4277 rut
774 4226 912 4290 potuiuret.
945 4224 985 4274 Ao
1000 4225 1106 4288 respicit
1123 4223 1247 4275 Horatius
1263 4213 1295 4273 ud
