3175 4900
652 415 685 473 Q·
709 414 868 463 nonanti
895 415 1026 463 annunt

730 666 829 733 ODE
851 668 945 733 XX.

671 842 722 889 AD
747 842 1003 891 manumittunt.

386 970 509 1024 Horatina
521 973 546 1021 in
555 986 664 1036 cycnum
676 988 765 1024 reraua
777 974 923 1026 nnircranm
934 976 1024 1028 orbern
1038 980 1125 1030 volatu
1136 981 1238 1031 lantrat.

492 1054 500 1081 ⁶
515 1054 598 1102 Nemo
608 1067 649 1103 me
660 1055 782 1118 iacrymia
794 1054 911 1119 decoret,
920 1070 969 1107 nec
980 1057 1073 1109 funera
1082 1059 1147 1111 tietn

513 1131 605 1182 naxia:
620 1132 693 1183 Curi
707 1136 786 1185 volito
802 1135 871 1184 virn'
882 1151 986 1200 perora
997 1138 1096 1189 viratu!

803 1216 1057 1281 EpitapbinmuEnnii
1068 1235 1109 1283 ap.
1122 1220 1178 1270 cte.
1188 1219 1267 1269 Tunc.
1280 1232 1299 1268 t.
1313 1224 1352 1269 1⁵.

286 1320 376 1386 (Circa
387 1324 462 1388 bujur
474 1324 599 1375 Carminis
611 1333 788 1390 argumentum
800 1340 829 1378 ac
837 1328 920 1392 ipanm
928 1330 1116 1394 quodaminodo
1127 1344 1262 1394 anperaaae
1271 1329 1389 1380 ilardni·

318 1417 367 1453 nna
379 1404 419 1454 bic
438 1404 548 1456 videtur.
580 1408 793 1471 ‘Prosopopoeia,
811 1410 905 1473 inquit,
922 1410 979 1461 baec
995 1412 1143 1461 cathriati
1160 1410 1341 1473 triumphantia
1357 1420 1389 1461 ct

317 1484 424 1534 Jnuaeor
436 1486 590 1551 alloquentis
610 1488 698 1537 rtatim
713 1502 744 1538 ac
757 1490 916 1541 recurrexit!
949 1492 1075 1543 Noinmna
1088 1491 1217 1541 baereaeor
1228 1488 1326 1539 crimen
1337 1489 1387 1537 im-

318 1564 424 1626 pingere
445 1580 477 1613 ex
493 1565 692 1631 Proropopceiat
711 1570 897 1633 appellatione,
915 1568 997 1622 multu
1016 1573 1096 1622 minna
1112 1572 1228 1621 refutare
1250 1566 1387 1618 mirificant

316 1643 486 1707 renitentianr3
499 1644 545 1693 aed
558 1647 669 1708 panonia
682 1647 760 1697 modo
771 1648 914 1714 decerpere
924 1652 958 1701 de
974 1652 1199 1716 interpretatione.
1232 1640 1391 1699 ‘Biiorrnir'

315 1722 356 1769 bic
369 1730 476 1773 voratur
487 1724 614 1787 ebriatur,
629 1726 709 1790 ‘quia
717 1728 792 1779 timul
808 1730 834 1779 in
850 1729 934 1782 iorrna
943 1732 995 1783 Dei
1005 1740 1033 1782 et
1043 1734 1069 1781 in
1080 1730 1259 1782 formarerri!
1291 1728 1333 1778 Ad
1346 1744 1385 1778 ra.

314 1803 339 1851 ⁰.
355 1802 521 1866 ‘Aliegorian
545 1806 640 1870 inquit,
656 1820 713 1869 para
734 1810 819 1860 altera
837 1811 963 1876 requitur,
983 1828 1041 1877 qnae
1064 1812 1171 1861 Fratrea
1191 1809 1385 1861 Praedicatotea

313 1883 397 1931 tancti
408 1882 538 1934 Dominici
550 1886 665 1936 alumnos
677 1890 782 1952 egregie
791 1891 965 1942 commendat.
997 1892 1164 1943 Vaticinatur
1175 1892 1243 1940 enirn
1254 1890 1387 1949 ebriatur,

309 1973 341 2009 ae
352 1960 402 2010 iiiia
417 1964 580 2025 preconibus
590 1965 724 2031 Evangelii
734 1968 774 2017 ani
784 1972 1035 2034 ...percomptam
1044 1971 1115 2021 orbia
1127 1970 1272 2035 provinciaa
1283 1970 1387 2019 volata-

314 2036 427 2087 rntn'—‘
439 2042 528 2091 alitem
541 2042 638 2093 album’
652 2044 840 2109 interpretatur
851 2049 963 2100 candide
974 2060 1046 2103 rcata
1056 2050 1284 2102 indutum—Quo
1301 2049 1384 2099 ‘reai-

313 2116 378 2166 dunt
389 2121 470 2182 pellea
481 2122 600 2172 cruribna
612 2124 729 2188 arperae,'
744 2140 836 2177 ocrcaa
851 2127 985 2193 intelligit,
996 2131 1089 2196 quibua
1100 2131 1218 2196 equitent
1231 2128 1385 2179 Dominica·

311 2209 359 2245 nur
378 2212 454 2249 crura
473 2201 663 2265 tegni-obet
677 2204 733 2267 jain
750 2207 814 2257 aaut
832 2216 888 2258 eat:
907 2212 951 2274 qni
970 2210 1057 2261 valido
1075 2211 1207 2261 atomacbo
1223 2215 1274 2270 cat,
1290 2215 1383 2272 potert

309 2276 402 2327 librum
413 2280 494 2331 adire.
528 2282 664 2333 Clauditur
675 2288 811 2337 annotatio
828 2289 861 2338 ad
876 2290 942 2339 banc
959 2291 1037 2341 Odcn
1050 2293 1105 2342 itaa
1123 2290 1197 2341 ‘Ant
1207 2291 1272 2340 nibil
1287 2289 1381 2339 inaile

311 2356 449 2421 aenigmate
461 2360 632 2427 rideo'(qnia
649 2364 699 2415 boc
716 2366 867 2429 auspicetur
876 2368 910 2417 da
927 2370 991 2434 viro,
1003 2371 1046 2435 qui
1064 2377 1104 2421 tot
1121 2382 1282 2421 nummorum
1297 2368 1380 2431 enig-

309 2442 381 2486 mata
389 2438 598 2507 aolrit,ridltqne
606 2444 674 2507 qnod
683 2459 806 2510 nunquam
814 2446 970 2512 erati)‘aut
978 2450 1126 2501 indubitata
1135 2452 1289 2501 hoanutra
1297 2451 1382 2501 inter·-

310 2518 425 2576 pretatlo
440 2519 521 2570 debet
538 2522 622 2571 videri
636 2523 858 2593 ingeniosissime,
874 2534 907 2578 ut
922 2543 992 2579 natac
1009 2531 1114 2596 quidem
1131 2533 1253 2594 arbitror,
1264 2531 1378 2582 omniurn

220 2607 224 2614 '
310 2592 426 2648 Odtrnm
448 2599 679 2654 Prendo-Horatii.
712 2607 797 2657 Quam
819 2608 842 2657 ai
864 2610 921 2673 qnia
937 2611 1080 2661 contendat
1102 2611 1175 2661 annia
1199 2612 1267 2661 baud
1287 2611 1377 2674 pancin

308 2675 433 2737 rcriptam
453 2675 534 2728 furiare
555 2689 614 2743 port
633 2683 696 2732 aliae
713 2685 847 2748 plurimae,
861 2703 946 2754 neque
971 2690 1062 2741 borum
1081 2693 1260 2744 collectionem
1278 2691 1377 2757 Carnis

308 2765 368 2880 ιέιιπ
380 2755 462 2896 limem
474 2761 606 2824 eapexirre
619 2771 680 2814 aute
696 2779 790 2816 annum
807 2768 914 2820 circiter
929 2773 1002 2822 tenu.
1019 2771 1088 2821 baud
1105 2779 1212 2835 parate
1229 2769 1377 2822 araentlar.¹

334 2846 382 2882 ean.

447 2935 534 3002 Non
549 2940 675 3007 usitata
690 2962 752 3009 nec
767 2937 859 3010 tenni
869 2947 955 3014 ferar

307 3075 359 3126 Nec
367 3080 438 3131 tolita
447 3097 490 3133 racc
500 3055 546 3136 leni
558 3101 601 3151 per
611 3088 667 3140 cliro
677 3091 794 3154 fluertem
804 3095 844 3143 cla
853 3095 927 3144 oebnr
937 3110 980 3158 ego
996 3097 1074 3147 Po'c'tn
1083 3099 1173 3162 duplici
1181 3100 1263 3160 sorrta
1270 3102 1368 3164 polleat·

731 3217 864 3240 mot
867 3221 912 3241 ΝΟ

198 3339 200 3343 ,
305 3281 364 3333 (ide
375 3286 475 3362 decinit
486 3293 564 3343 tertia
582 3277 654 3345 ¹Libri
667 3299 739 3349 tertii
755 3301 781 3351 in
798 3303 848 3353 Ed.
863 3306 961 3356 Sanad.
997 3307 1050 3357 Nec
1067 3306 1159 3360 aritctn
1176 3308 1279 3372 quidam
1291 3309 1367 3360 codd.

271 3359 313 3396 aec
324 3353 388 3399 terina
397 3367 485 3403 omnes
497 3356 552 3406 fere
563 3359 638 3410 codd.
650 3361 687 3412 lta
699 3373 773 3416 certe
784 3367 858 3417 Harl.
872 3375 895 3419 ι.
913 3374 938 3419 a.
954 3374 979 3419 t.
990 3375 1015 3421 4.
1033 3377 1057 3421 tl.
1067 3376 1092 3421 o.
1111 3379 1140 3422 et
1157 3373 1218 3423 cdd.
1237 3381 1303 3424 tett.
1320 3373 1365 3422 aed

269 3423 302 3458 ca
315 3412 427 3465 Bentleii
445 3419 538 3482 Regin·
556 3427 584 3472 et
594 3424 715 3478 Petrena.
735 3429 824 3482 Beati.
840 3433 950 3498 cuning.
967 3434 1062 3486 Sanad.
1080 3435 1147 3487 Sirr.
1168 3437 1240 3502 dani,
1260 3439 1365 3502 Bipont·

763 3541 871 3594 NOTAE

300 3619 415 3670 Metrrrrn
428 3623 495 3674 idem
507 3630 575 3690 qnod
588 3644 669 3695 cupra
681 3647 699 3684 t.
712 3636 763 3688 0d.
771 3643 795 3688 o.
837 3655 887 3691 nec
898 3643 1001 3694 omnino
1019 3643 1074 3694 aine
1091 3657 1180 3709 unca,
1193 3646 1297 3709 jactare
1307 3647 1365 3696 toli·

300 3693 391 3743 lNota
407 3699 505 3762 usitato,
520 3703 573 3767 tro]
590 3705 706 3772 Scaliger
718 3711 795 3764 Pota.
837 3717 870 3765 tir
892 3727 1046 3769 anecenaeat
1067 3733 1173 3770 neccaac
1194 3726 1245 3770 cat.
1284 3722 1365 3772 Paulo

265 3766 312 3818 lib.
326 3783 366 3821 vr.
401 3772 479 3822 Oden
491 3776 557 3828 banc
569 3781 606 3831 ait
625 3781 727 3850 ‘magui
744 3790 797 3852 api·
836 3797 910 3839 certe
926 3791 1048 3842 audacius
1064 3795 1177 3844 canebat
1197 3802 1227 3845 et
1244 3798 1365 3847 raticina-

266 3843 342 3906 ritne,
361 3853 388 3896 et
409 3855 481 3900 tanto
492 3852 596 3916 dignane
607 3857 730 3923 ingentu·
761 3865 795 3915 Sa
835 3866 914 3916 batur
929 3867 1007 3918 Ovld.
1024 3869 1092 3918 Met.
1104 3883 1152 3920 xv.
1161 3874 1219 3920 871.
1236 3872 1363 3938 ‘Jamque

264 3933 375 3986 euntque
397 3938 486 3976 renarra
508 3930 665 3986 immortalea
692 3936 795 3990 futuroa
833 3955 900 4003 opna
911 3944 996 4007 exegi,
1016 3943 1085 4008 qnod
1104 3958 1154 3994 acc
1169 3945 1245 3997 Jovia
1258 3950 1363 4011 ira,nec

264 3997 389 4060 praaagit
400 3999 535 4066 Horatiae,
545 4014 623 4071 atquc
634 4025 680 4061 ruo
691 4016 794 4066 nomine
834 4015 910 4080 ignia,
923 4019 980 4067 Nec
997 4019 1095 4081 poterit
1113 4017 1222 4083 terrum,
1235 4035 1286 4072 nec
1296 4022 1363 4072 edax

262 4075 290 4118 et
302 4069 372 4121 fama
381 4075 540 4139 implendum
549 4083 635 4134 orbem
646 4094 729 4139 toturn
738 4093 792 4154 glo·
834 4091 939 4141 abolere
951 4091 1086 4144 vetuatan’

244 4142 353 4197 ·tl⁸lur·
387 4149 792 4220 Quoaiqniaoii‘endatur,aurn-
867 4167 919 4215 Nec
935 4167 1085 4228 teaat'scrnr
1102 4169 1197 4234 Perna]
1216 4135 1361 4227 Nontenni

261 4219 310 4270 ania
327 4220 472 4290 quiburque
491 4231 582 4283 Politia
600 4248 695 4300 magna
710 4239 743 4291 de
754 4254 792 4300 re,
832 4248 877 4292 ant
888 4243 976 4307 fragili
986 4247 1085 4309 rotatu,
1103 4247 1147 4310 qni
1159 4246 1323 4314 diaaolcatnr,
1333 4257 1361 4300 et
