3175 4900
278 373 321 436 42
623 385 671 433 nn
695 384 835 433 urrais
858 384 1029 434 unsrun.

279 526 409 587 Secundi
424 526 539 606 generis
552 526 627 586 Odoe
639 527 689 585 26.

320 621 382 682 lib.
398 641 422 680 ι.
437 621 504 682 Ode
546 625 576 680 2.
596 621 751 681 laureatis
768 621 851 680 terris
865 620 942 680 nivis
959 631 1048 701 atque
1061 622 1145 682 diras.

534 719 579 776 10.
602 715 741 786 Mercuri,
755 715 883 775 facunde
896 733 990 794 nepos
1004 717 1144 776 Atlantis.

532 813 579 870 12.
601 809 697 878 Quem
712 811 805 868 virum
819 818 871 868 aut
882 809 1047 891 heroalytn
1060 809 1107 872 vel
1122 812 1192 871 acri.

529 908 580 966 20.
601 904 668 964 Vile
678 903 793 983 potabis
808 903 931 964 modieis
946 905 1098 966 Sabinum.

530 1003 580 1060 22.
604 1001 722 1077 Integer
736 998 805 1057 vitae
819 998 997 1078 scelerisque
1009 1020 1111 1080 purus.

532 1099 583 1156 25.
604 1094 726 1154 Parcius
736 1093 857 1171 junctas
871 1097 1009 1172 quatiunt
1021 1096 1178 1155 fenestras.

532 1195 581 1251 30.
603 1190 752 1259 OVeuns,
767 1190 870 1268 regina
883 1189 972 1252 Cnidi
985 1189 1149 1270 Papirique.

534 1287 582 1345 32.
603 1283 758 1344 Poseimus
772 1285 797 1342 ri
811 1283 884 1362 quid
897 1283 982 1345 vanui
997 1285 1053 1344 sub
1069 1285 1181 1344 umbra.

533 1382 583 1440 38.
604 1379 740 1440 Persicos
754 1379 816 1451 odi,
829 1398 912 1459 puer,
925 1390 1094 1458 apparatus.

420 1519 427 1534 .
481 1503 484 1508 ·
557 1479 587 1536 2.
609 1475 717 1535 Nullus
732 1485 856 1553 argento
869 1476 952 1535 color
965 1486 1012 1536 est
1025 1475 1133 1535 avaris.

553 1573 585 1631 4.
607 1571 653 1630 Ne
668 1571 707 1630 sit
720 1570 837 1630 ancillae
850 1570 902 1628 tibi
916 1589 999 1630 amor
1014 1569 1132 1649 pudori.

555 1667 585 1726 6.
608 1664 730 1743 Septimi
745 1665 847 1725 Gades
862 1665 976 1726 aditure
989 1683 1115 1725 mecum.

554 1762 583 1818 8.
606 1758 673 1819 Ulla
689 1760 713 1818 si
728 1759 804 1838 juris
818 1759 871 1819 tibi
884 1761 1017 1840 pejerari.

540 1856 586 1914 10.
608 1855 731 1914 Rectius
744 1855 835 1926 vives,
849 1855 951 1927 Licini,
965 1875 1062 1934 neque
1076 1854 1179 1914 altum.

538 1951 586 2010 16.
609 1949 710 2008 Otium
727 1949 819 2011 Divos
833 1960 920 2029 rogat
932 1950 962 2008 iu
972 1950 1098 2029 patenti.

423 2088 430 2105 .
557 2047 585 2103 8.
607 2044 723 2104 Martiis
738 2044 849 2105 coelebs
862 2043 935 2122 quid
949 2062 1036 2124 agam
1051 2041 1207 2103 Kalendis.

536 2141 584 2197 11.
607 2138 746 2212 Mercuri,
758 2157 828 2198 uam
841 2149 869 2212 te
883 2138 989 2198 docilis
1002 2139 1155 2218 magistro.

539 2235 586 2294 14.
608 2233 745 2294 Herculis
759 2234 818 2293 ritu
832 2233 921 2293 morlo
934 2233 1043 2308 dictus,
1056 2253 1074 2294 ο
1088 2232 1182 2312 plebs.

540 2331 587 2387 18.
610 2329 710 2389 Penne
726 2328 929 2409 Nympharum
942 2329 1106 2408 fugientum
1120 2335 1244 2388 amator.

538 2424 587 2483 20.
609 2423 677 2483 Non
692 2423 775 2484 vides
789 2433 902 2503 quanto
916 2442 1035 2484 moveas
1049 2423 1168 2505 periclo.

538 2520 588 2577 22.
610 2518 757 2577 Montium
770 2528 872 2579 custos
887 2536 1097 2595 nemorumque
1111 2520 1205 2598 virgo.

538 2615 588 2673 27.
609 2612 718 2693 impios
732 2632 827 2691 parrae
840 2612 998 2673 recinentis
1011 2631 1107 2672 omen.

386 2727 433 2765 rv.
559 2710 590 2769 2.
611 2706 773 2767 Pindarum
788 2707 922 2785 quisquis
937 2707 1037 2768 studet
1049 2707 1190 2767 aemulari.

557 2801 585 2859 6.
608 2800 693 2873 Diva,
709 2820 795 2879 quem
811 2799 909 2880 proles
924 2801 1040 2861 Niobea
1051 2820 1177 2881 magam.

546 2897 592 2955 11.
614 2895 668 2955 Est
682 2895 752 2954 mihi
767 2914 879 2956 nouum
891 2899 1057 2977 superantis
1071 2917 1192 2957 annum.

329 2988 424 3069 Epod.
489 3008 593 3050 xviri.
614 2989 735 3063 Plroebe,
750 2991 957 3071 sylvarumque
969 3002 1076 3073 potens
1091 2992 1200 3053 Diana.

327 3132 485 3226 Tranium
506 3187 636 3229 neuun:
660 3177 694 3228 ut
716 3188 742 3231 r.
766 3136 826 3227 ou.
849 3169 878 3229 3.
901 3188 969 3246 qum
992 3179 1040 3229 est
1054 3164 1176 3227 Dicolns
1193 3123 1393 3246 Distropiius.¹

288 3259 404 3320 Primus
431 3263 557 3341 quisque
584 3282 686 3323 versus
718 3270 765 3323 est
791 3261 1014 3323 Choriambieus
1051 3261 1216 3342 Glyconins
1240 3260 1383 3321 'l'rimeter

288 3354 497 3510 ῗέιίἱιέεοέξιέ.
519 3368 661 3417 constans
685 3376 702 3416 e
721 3354 883 3435 Spondeo,
898 3355 1087 3428 Choriambn,
1104 3365 1135 3416 et
1154 3355 1313 3436 Pyrrichin,
1334 3352 1383 3414 vel

416 3576 461 3625 Sic
473 3582 499 3625 le
510 3600 527 3613 -
535 3602 551 3613 -
570 3575 642 3627 Dira
654 3582 747 3641 potens
758 3598 835 3629 -υυ-
856 3576 935 3641 Cypri
946 3600 985 3629 υ-

330 3700 486 3761 Secundus
499 3719 568 3761 vero
582 3703 707 3781 quisque
722 3704 945 3765 Choriambieus
964 3703 1178 3784 Asclepiadem
1202 3700 1384 3762 Tetrameter

292 3792 501 3949 ,llaqffleqtiqsz
523 3814 540 3855 e
562 3796 724 3875 Spondeo,
742 3797 859 3858 duobus
877 3798 1075 3871 choriambis,
1093 3809 1125 3857 et
1141 3794 1324 3877 Pyrrhiehio,
1336 3794 1384 3854 sel

384 4031 427 4083 Sin
438 4031 479 4085 fra
489 4058 528 4071 ·-
540 4040 594 4085 tres
607 4034 718 4086 Helene
730 4058 806 4089 w-
826 4036 914 4088 lueida
924 4036 948 4086 ri
957 4060 1034 4090 -υυ-
1055 4034 1118 4087 ders
1128 4058 1173 4087 w
1197 4112 1204 4121 .

628 4124 667 4136 ’“
685 4122 841 4218 &J
862 4186 943 4218 -...-
973 4186 1016 4217 a.
