<?xml version="1.0" encoding="UTF-8"?>
<!DOCTYPE html PUBLIC "-//W3C//DTD XHTML 1.0 Transitional//EN"
    "http://www.w3.org/TR/xhtml1/DTD/xhtml1-transitional.dtd">
<html xmlns="http://www.w3.org/1999/xhtml" xml:lang="en" lang="en">
 <head>
  <title>
</title>
<meta http-equiv="Content-Type" content="text/html;charset=utf-8" />
  <meta name='ocr-system' content='tesseract 3.04.00' />
  <meta name='ocr-capabilities' content='ocr_page ocr_carea ocr_par ocr_line ocrx_word'/>
</head>
<body>
  <div class='ocr_page' id='page_1' title='image "./quintihoratiifl07zeungoog_0016.png"; bbox 0 0 3175 4900; ppageno 0'>
   <div class='ocr_carea' id='block_1_1' title="bbox 286 404 1132 522">
    <p class='ocr_par' dir='ltr' id='par_1_1' title="bbox 286 404 1132 522">
     <span class='ocr_line' id='line_1_1' title="bbox 286 404 1132 522; baseline -0.002 -36"><span class='ocrx_word' id='word_1_1' title='bbox 286 421 308 486; x_wconf 85' lang='lat' dir='ltr'>u</span> <span class='ocrx_word' id='word_1_2' title='bbox 538 414 545 420; x_wconf 71' lang='grc'><em>’</em></span> <span class='ocrx_word' id='word_1_3' title='bbox 706 437 735 486; x_wconf 79' lang='lat' dir='ltr'>s.</span> <span class='ocrx_word' id='word_1_4' title='bbox 760 432 798 485; x_wconf 81' lang='lat' dir='ltr'>rt.</span> <span class='ocrx_word' id='word_1_5' title='bbox 821 430 985 509; x_wconf 63' lang='lat' dir='ltr'>obsitam</span> <span class='ocrx_word' id='word_1_6' title='bbox 1033 511 1044 522; x_wconf 37' lang='grc'><strong>“</strong></span> <span class='ocrx_word' id='word_1_7' title='bbox 1128 404 1132 412; x_wconf 65' lang='grc'><strong>’</strong></span> 
     </span>
    </p>
   </div>
   <div class='ocr_carea' id='block_1_2' title="bbox 284 571 1452 4297">
    <p class='ocr_par' dir='ltr' id='par_1_2' title="bbox 284 571 1382 767">
     <span class='ocr_line' id='line_1_2' title="bbox 284 571 1382 664; baseline -0.004 -18"><span class='ocrx_word' id='word_1_8' title='bbox 284 581 368 646; x_wconf 79' lang='lat' dir='ltr'>rore</span> <span class='ocrx_word' id='word_1_9' title='bbox 391 571 594 646; x_wconf 88' lang='lat' dir='ltr'>morosnium</span> <span class='ocrx_word' id='word_1_10' title='bbox 618 585 776 643; x_wconf 85' lang='lat' dir='ltr'>senectus</span> <span class='ocrx_word' id='word_1_11' title='bbox 795 572 1030 655; x_wconf 66' lang='lat' dir='ltr'>decoratione</span> <span class='ocrx_word' id='word_1_12' title='bbox 1052 595 1096 642; x_wconf 90' lang='lat' dir='ltr'>ue</span> <span class='ocrx_word' id='word_1_13' title='bbox 1114 578 1295 664; x_wconf 69' lang='lat' dir='ltr'>destinaret</span> <span class='ocrx_word' id='word_1_14' title='bbox 1308 579 1382 663; x_wconf 92' lang='lat' dir='ltr'>qui-</span> 
     </span>
     <span class='ocr_line' id='line_1_3' title="bbox 285 679 1246 767; baseline -0.003 -21"><span class='ocrx_word' id='word_1_15' title='bbox 285 683 359 746; x_wconf 91' lang='lat' dir='ltr'>dem</span> <span class='ocrx_word' id='word_1_16' title='bbox 376 683 468 767; x_wconf 89' lang='lat' dir='ltr'>typis</span> <span class='ocrx_word' id='word_1_17' title='bbox 483 679 605 758; x_wconf 87' lang='lat' dir='ltr'>omnia,</span> <span class='ocrx_word' id='word_1_18' title='bbox 620 693 695 764; x_wconf 84' lang='lat' dir='ltr'>quae</span> <span class='ocrx_word' id='word_1_19' title='bbox 709 681 857 745; x_wconf 82' lang='lat' dir='ltr'><strong>illuserat</strong></span> <span class='ocrx_word' id='word_1_20' title='bbox 871 680 1077 762; x_wconf 79' lang='lat' dir='ltr'>marginibus</span> <span class='ocrx_word' id='word_1_21' title='bbox 1091 680 1167 745; x_wconf 86' lang='lat' dir='ltr'>libri</span> <span class='ocrx_word' id='word_1_22' title='bbox 1182 682 1246 744; x_wconf 88' lang='lat' dir='ltr'>sui.</span> 
     </span>
    </p>

    <p class='ocr_par' dir='ltr' id='par_1_3' title="bbox 330 781 1385 865">
     <span class='ocr_line' id='line_1_4' title="bbox 330 781 1385 865; baseline -0.002 -17"><span class='ocrx_word' id='word_1_23' title='bbox 330 783 417 863; x_wconf 84' lang='lat' dir='ltr'>Quae</span> <span class='ocrx_word' id='word_1_24' title='bbox 438 803 515 848; x_wconf 92' lang='lat' dir='ltr'>cum</span> <span class='ocrx_word' id='word_1_25' title='bbox 530 783 581 848; x_wconf 84' lang='lat' dir='ltr'>ita</span> <span class='ocrx_word' id='word_1_26' title='bbox 594 783 669 860; x_wconf 85' lang='lat' dir='ltr'>sint,</span> <span class='ocrx_word' id='word_1_27' title='bbox 683 783 891 848; x_wconf 85' lang='lat' dir='ltr'>Baxteriana</span> <span class='ocrx_word' id='word_1_28' title='bbox 911 781 1120 865; x_wconf 83' lang='lat' dir='ltr'>exemplaria</span> <span class='ocrx_word' id='word_1_29' title='bbox 1142 781 1273 846; x_wconf 81' lang='lat' dir='ltr'>Horatii</span> <span class='ocrx_word' id='word_1_30' title='bbox 1293 799 1385 846; x_wconf 79' lang='lat' dir='ltr'>com·</span> 
     </span>
    </p>

    <p class='ocr_par' dir='ltr' id='par_1_4' title="bbox 284 882 1452 2567">
     <span class='ocr_line' id='line_1_5' title="bbox 285 882 1385 968; baseline -0.004 -19"><span class='ocrx_word' id='word_1_31' title='bbox 285 885 441 950; x_wconf 88' lang='lat' dir='ltr'>mendare</span> <span class='ocrx_word' id='word_1_32' title='bbox 457 883 606 948; x_wconf 80' lang='lat' dir='ltr'><strong>solebam</strong></span> <span class='ocrx_word' id='word_1_33' title='bbox 625 882 821 968; x_wconf 89' lang='lat' dir='ltr'>junioribus</span> <span class='ocrx_word' id='word_1_34' title='bbox 843 884 978 964; x_wconf 79' lang='lat' dir='ltr'>amicis3</span> <span class='ocrx_word' id='word_1_35' title='bbox 999 888 1034 945; x_wconf 87' lang='lat' dir='ltr'>et</span> <span class='ocrx_word' id='word_1_36' title='bbox 1054 899 1225 965; x_wconf 84' lang='lat' dir='ltr'>nunquam</span> <span class='ocrx_word' id='word_1_37' title='bbox 1240 882 1326 947; x_wconf 85' lang='lat' dir='ltr'>forte</span> <span class='ocrx_word' id='word_1_38' title='bbox 1340 883 1385 946; x_wconf 88' lang='lat' dir='ltr'>de</span> 
     </span>
     <span class='ocr_line' id='line_1_6' title="bbox 286 983 1383 1069; baseline -0.003 -17"><span class='ocrx_word' id='word_1_39' title='bbox 286 986 416 1052; x_wconf 88' lang='lat' dir='ltr'>edendo</span> <span class='ocrx_word' id='word_1_40' title='bbox 441 983 585 1050; x_wconf 88' lang='lat' dir='ltr'>Horatio</span> <span class='ocrx_word' id='word_1_41' title='bbox 608 985 810 1067; x_wconf 75' lang='lat' dir='ltr'>cogitaturus</span> <span class='ocrx_word' id='word_1_42' title='bbox 835 985 912 1066; x_wconf 87' lang='lat' dir='ltr'>ipse</span> <span class='ocrx_word' id='word_1_43' title='bbox 933 983 1069 1063; x_wconf 81' lang='lat' dir='ltr'>fueram,</span> <span class='ocrx_word' id='word_1_44' title='bbox 1084 983 1216 1048; x_wconf 90' lang='lat' dir='ltr'>illorum</span> <span class='ocrx_word' id='word_1_45' title='bbox 1235 984 1266 1047; x_wconf 90' lang='lat' dir='ltr'>si</span> <span class='ocrx_word' id='word_1_46' title='bbox 1283 985 1383 1069; x_wconf 86' lang='lat' dir='ltr'>copia</span> 
     </span>
     <span class='ocr_line' id='line_1_7' title="bbox 285 1083 1452 1169; baseline -0.002 -17"><span class='ocrx_word' id='word_1_47' title='bbox 285 1087 356 1152; x_wconf 83' lang='lat' dir='ltr'>fieri</span> <span class='ocrx_word' id='word_1_48' title='bbox 370 1083 534 1151; x_wconf 82' lang='lat' dir='ltr'>studiosis</span> <span class='ocrx_word' id='word_1_49' title='bbox 550 1087 586 1152; x_wconf 89' lang='lat' dir='ltr'>in</span> <span class='ocrx_word' id='word_1_50' title='bbox 600 1085 784 1150; x_wconf 87' lang='lat' dir='ltr'>Germania</span> <span class='ocrx_word' id='word_1_51' title='bbox 799 1087 980 1169; x_wconf 88' lang='lat' dir='ltr'>potuisset.</span> <span class='ocrx_word' id='word_1_52' title='bbox 1001 1084 1071 1150; x_wconf 87' lang='lat' dir='ltr'>Sed</span> <span class='ocrx_word' id='word_1_53' title='bbox 1082 1103 1158 1150; x_wconf 90' lang='lat' dir='ltr'>cum</span> <span class='ocrx_word' id='word_1_54' title='bbox 1174 1085 1283 1150; x_wconf 81' lang='lat' dir='ltr'>risum</span> <span class='ocrx_word' id='word_1_55' title='bbox 1295 1091 1384 1150; x_wconf 87' lang='lat' dir='ltr'>esset</span> <span class='ocrx_word' id='word_1_56' title='bbox 1438 1111 1452 1128; x_wconf 93' lang='lat'><strong>·</strong></span> 
     </span>
     <span class='ocr_line' id='line_1_8' title="bbox 284 1187 1383 1271; baseline -0.003 -17"><span class='ocrx_word' id='word_1_57' title='bbox 284 1189 405 1254; x_wconf 91' lang='lat' dir='ltr'>librum</span> <span class='ocrx_word' id='word_1_58' title='bbox 429 1189 479 1254; x_wconf 87' lang='lat' dir='ltr'>ite</span> <span class='ocrx_word' id='word_1_59' title='bbox 499 1187 627 1264; x_wconf 86' lang='lat' dir='ltr'>utilem,</span> <span class='ocrx_word' id='word_1_60' title='bbox 648 1187 698 1252; x_wconf 85' lang='lat' dir='ltr'>ita</span> <span class='ocrx_word' id='word_1_61' title='bbox 719 1188 941 1265; x_wconf 91' lang='lat' dir='ltr'>commodum,</span> <span class='ocrx_word' id='word_1_62' title='bbox 956 1187 1142 1271; x_wconf 86' lang='lat' dir='ltr'>parabilem</span> <span class='ocrx_word' id='word_1_63' title='bbox 1157 1187 1260 1253; x_wconf 86' lang='lat' dir='ltr'>etiam</span> <span class='ocrx_word' id='word_1_64' title='bbox 1274 1187 1383 1251; x_wconf 82' lang='lat' dir='ltr'>facere</span> 
     </span>
     <span class='ocr_line' id='line_1_9' title="bbox 285 1285 1384 1371; baseline -0.004 -16"><span class='ocrx_word' id='word_1_65' title='bbox 285 1289 424 1369; x_wconf 86' lang='lat' dir='ltr'>nostris,</span> <span class='ocrx_word' id='word_1_66' title='bbox 440 1287 596 1353; x_wconf 87' lang='lat' dir='ltr'>nolebam</span> <span class='ocrx_word' id='word_1_67' title='bbox 611 1285 705 1352; x_wconf 89' lang='lat' dir='ltr'>illum</span> <span class='ocrx_word' id='word_1_68' title='bbox 722 1288 794 1352; x_wconf 89' lang='lat' dir='ltr'>sine</span> <span class='ocrx_word' id='word_1_69' title='bbox 810 1289 887 1353; x_wconf 90' lang='lat' dir='ltr'>dote</span> <span class='ocrx_word' id='word_1_70' title='bbox 902 1289 1017 1371; x_wconf 90' lang='lat' dir='ltr'>aliqua</span> <span class='ocrx_word' id='word_1_71' title='bbox 1034 1308 1056 1352; x_wconf 90' lang='lat' dir='ltr'>a</span> <span class='ocrx_word' id='word_1_72' title='bbox 1074 1307 1129 1352; x_wconf 90' lang='lat' dir='ltr'>me</span> <span class='ocrx_word' id='word_1_73' title='bbox 1144 1288 1317 1366; x_wconf 82' lang='lat' dir='ltr'>dimittere,</span> <span class='ocrx_word' id='word_1_74' title='bbox 1330 1287 1384 1351; x_wconf 75' lang='lat' dir='ltr'>iri-¹</span> 
     </span>
     <span class='ocr_line' id='line_1_10' title="bbox 287 1377 1383 1475; baseline -0.004 -19"><span class='ocrx_word' id='word_1_75' title='bbox 287 1377 354 1474; x_wconf 69' lang='lat' dir='ltr'>pne</span> <span class='ocrx_word' id='word_1_76' title='bbox 379 1409 421 1456; x_wconf 89' lang='lat' dir='ltr'>eo</span> <span class='ocrx_word' id='word_1_77' title='bbox 447 1391 556 1454; x_wconf 87' lang='lat' dir='ltr'>minus</span> <span class='ocrx_word' id='word_1_78' title='bbox 582 1408 658 1453; x_wconf 88' lang='lat' dir='ltr'>cnm</span> <span class='ocrx_word' id='word_1_79' title='bbox 680 1381 804 1473; x_wconf 74' lang='lat' dir='ltr'>praeter</span> <span class='ocrx_word' id='word_1_80' title='bbox 829 1411 880 1468; x_wconf 88' lang='lat' dir='ltr'>ea,</span> <span class='ocrx_word' id='word_1_81' title='bbox 896 1405 973 1475; x_wconf 75' lang='lat' dir='ltr'>quar</span> <span class='ocrx_word' id='word_1_82' title='bbox 992 1389 1214 1474; x_wconf 80' lang='lat' dir='ltr'>quadraginta</span> <span class='ocrx_word' id='word_1_83' title='bbox 1237 1387 1383 1471; x_wconf 81' lang='lat' dir='ltr'>amplius</span> 
     </span>
     <span class='ocr_line' id='line_1_11' title="bbox 286 1489 1383 1575; baseline -0.002 -19"><span class='ocrx_word' id='word_1_84' title='bbox 286 1509 450 1558; x_wconf 84' lang='lat' dir='ltr'>annornm</span> <span class='ocrx_word' id='word_1_85' title='bbox 473 1512 550 1557; x_wconf 90' lang='lat' dir='ltr'>cum</span> <span class='ocrx_word' id='word_1_86' title='bbox 573 1489 700 1560; x_wconf 84' lang='lat' dir='ltr'>Flacco</span> <span class='ocrx_word' id='word_1_87' title='bbox 721 1493 938 1572; x_wconf 77' lang='lat' dir='ltr'>familiaritas,</span> <span class='ocrx_word' id='word_1_88' title='bbox 961 1497 996 1558; x_wconf 90' lang='lat' dir='ltr'>et</span> <span class='ocrx_word' id='word_1_89' title='bbox 1016 1511 1100 1558; x_wconf 89' lang='lat' dir='ltr'>usus</span> <span class='ocrx_word' id='word_1_90' title='bbox 1127 1492 1249 1575; x_wconf 86' lang='lat' dir='ltr'>aliquis</span> <span class='ocrx_word' id='word_1_91' title='bbox 1269 1508 1383 1555; x_wconf 88' lang='lat' dir='ltr'>earnm</span> 
     </span>
     <span class='ocr_line' id='line_1_12' title="bbox 285 1589 1384 1679; baseline -0.002 -23"><span class='ocrx_word' id='word_1_92' title='bbox 285 1609 406 1670; x_wconf 88' lang='lat' dir='ltr'>rerum,</span> <span class='ocrx_word' id='word_1_93' title='bbox 430 1593 554 1676; x_wconf 91' lang='lat' dir='ltr'>quibus</span> <span class='ocrx_word' id='word_1_94' title='bbox 575 1593 629 1658; x_wconf 90' lang='lat' dir='ltr'>hio</span> <span class='ocrx_word' id='word_1_95' title='bbox 653 1613 740 1679; x_wconf 89' lang='lat' dir='ltr'>opus</span> <span class='ocrx_word' id='word_1_96' title='bbox 765 1601 832 1674; x_wconf 90' lang='lat' dir='ltr'>est,</span> <span class='ocrx_word' id='word_1_97' title='bbox 854 1594 1025 1677; x_wconf 87' lang='lat' dir='ltr'>subjicere</span> <span class='ocrx_word' id='word_1_98' title='bbox 1049 1595 1213 1676; x_wconf 88' lang='lat' dir='ltr'>poterant,</span> <span class='ocrx_word' id='word_1_99' title='bbox 1234 1589 1336 1655; x_wconf 87' lang='lat' dir='ltr'>etiam</span> <span class='ocrx_word' id='word_1_100' title='bbox 1361 1609 1384 1654; x_wconf 86' lang='lat' dir='ltr'>a</span> 
     </span>
     <span class='ocr_line' id='line_1_13' title="bbox 286 1689 1383 1782; baseline -0.003 -27"><span class='ocrx_word' id='word_1_101' title='bbox 286 1691 419 1782; x_wconf 70' lang='lat' dir='ltr'>fortuna</span> <span class='ocrx_word' id='word_1_102' title='bbox 442 1693 633 1760; x_wconf 85' lang='lat' dir='ltr'>offerrentur</span> <span class='ocrx_word' id='word_1_103' title='bbox 655 1693 811 1777; x_wconf 85' lang='lat' dir='ltr'>quaedam</span> <span class='ocrx_word' id='word_1_104' title='bbox 833 1695 990 1759; x_wconf 88' lang='lat' dir='ltr'>ornandae</span> <span class='ocrx_word' id='word_1_105' title='bbox 1018 1691 1189 1758; x_wconf 89' lang='lat' dir='ltr'>Editionis</span> <span class='ocrx_word' id='word_1_106' title='bbox 1214 1689 1383 1775; x_wconf 84' lang='lat' dir='ltr'>praesidia.</span> 
     </span>
     <span class='ocr_line' id='line_1_14' title="bbox 288 1787 1383 1880; baseline -0.004 -22"><span class='ocrx_word' id='word_1_107' title='bbox 288 1787 402 1872; x_wconf 80' lang='lat' dir='ltr'>Quare</span> <span class='ocrx_word' id='word_1_108' title='bbox 424 1797 524 1862; x_wconf 90' lang='lat' dir='ltr'>statui</span> <span class='ocrx_word' id='word_1_109' title='bbox 550 1797 656 1862; x_wconf 90' lang='lat' dir='ltr'>tribus</span> <span class='ocrx_word' id='word_1_110' title='bbox 681 1797 750 1862; x_wconf 90' lang='lat' dir='ltr'>illis</span> <span class='ocrx_word' id='word_1_111' title='bbox 772 1797 959 1880; x_wconf 85' lang='lat' dir='ltr'>generibus,</span> <span class='ocrx_word' id='word_1_112' title='bbox 973 1801 1055 1879; x_wconf 84' lang='lat' dir='ltr'>&#39;quae</span> <span class='ocrx_word' id='word_1_113' title='bbox 1076 1795 1113 1856; x_wconf 93' lang='lat' dir='ltr'>in</span> <span class='ocrx_word' id='word_1_114' title='bbox 1133 1795 1211 1876; x_wconf 87' lang='lat' dir='ltr'>ipso</span> <span class='ocrx_word' id='word_1_115' title='bbox 1233 1793 1383 1873; x_wconf 83' lang='lat' dir='ltr'>ingressu</span> 
     </span>
     <span class='ocr_line' id='line_1_15' title="bbox 288 1894 1384 1983; baseline 0 -25"><span class='ocrx_word' id='word_1_116' title='bbox 288 1897 556 1976; x_wconf 82' lang='lat' dir='ltr'>commemorari,</span> <span class='ocrx_word' id='word_1_117' title='bbox 583 1918 713 1981; x_wconf 81' lang='lat' dir='ltr'>augere,</span> <span class='ocrx_word' id='word_1_118' title='bbox 742 1919 813 1982; x_wconf 90' lang='lat' dir='ltr'>pro·</span> <span class='ocrx_word' id='word_1_119' title='bbox 830 1899 987 1983; x_wconf 82' lang='lat' dir='ltr'>praesenti</span> <span class='ocrx_word' id='word_1_120' title='bbox 1016 1897 1118 1978; x_wconf 89' lang='lat' dir='ltr'>copia</span> <span class='ocrx_word' id='word_1_121' title='bbox 1147 1898 1181 1959; x_wconf 92' lang='lat' dir='ltr'>et</span> <span class='ocrx_word' id='word_1_122' title='bbox 1203 1894 1384 1969; x_wconf 80' lang='lat' dir='ltr'>voluntate,</span> 
     </span>
     <span class='ocr_line' id='line_1_16' title="bbox 288 1991 645 2062; baseline 0.003 -5"><span class='ocrx_word' id='word_1_123' title='bbox 288 1991 429 2059; x_wconf 84' lang='lat' dir='ltr'>Bexteri</span> <span class='ocrx_word' id='word_1_124' title='bbox 444 1993 645 2062; x_wconf 83' lang='lat' dir='ltr'>Editionem.</span> 
     </span>
     <span class='ocr_line' id='line_1_17' title="bbox 293 2091 1383 2181; baseline 0.002 -23"><span class='ocrx_word' id='word_1_125' title='bbox 293 2129 312 2138; x_wconf 58' lang='lat'>·=</span> <span class='ocrx_word' id='word_1_126' title='bbox 330 2091 384 2160; x_wconf 81' lang='lat' dir='ltr'>Ac</span> <span class='ocrx_word' id='word_1_127' title='bbox 399 2097 507 2180; x_wconf 92' lang='lat' dir='ltr'>primo</span> <span class='ocrx_word' id='word_1_128' title='bbox 524 2098 658 2181; x_wconf 88' lang='lat' dir='ltr'>quidem</span> <span class='ocrx_word' id='word_1_129' title='bbox 674 2118 740 2162; x_wconf 92' lang='lat' dir='ltr'>non</span> <span class='ocrx_word' id='word_1_130' title='bbox 763 2104 833 2164; x_wconf 84' lang='lat' dir='ltr'>tam</span> <span class='ocrx_word' id='word_1_131' title='bbox 853 2099 918 2163; x_wconf 91' lang='lat' dir='ltr'>boc</span> <span class='ocrx_word' id='word_1_132' title='bbox 940 2099 1006 2180; x_wconf 80' lang='lat' dir='ltr'>egi,</span> <span class='ocrx_word' id='word_1_133' title='bbox 1023 2102 1061 2162; x_wconf 93' lang='lat' dir='ltr'>ut</span> <span class='ocrx_word' id='word_1_134' title='bbox 1085 2097 1295 2162; x_wconf 75' lang='lat' dir='ltr'>emendarem</span> <span class='ocrx_word' id='word_1_135' title='bbox 1311 2095 1383 2161; x_wconf 88' lang='lat' dir='ltr'>Ho-</span> 
     </span>
     <span class='ocr_line' id='line_1_18' title="bbox 285 2197 1383 2282; baseline 0 -20"><span class='ocrx_word' id='word_1_136' title='bbox 285 2197 418 2276; x_wconf 86' lang='lat' dir='ltr'>ratium,</span> <span class='ocrx_word' id='word_1_137' title='bbox 432 2198 522 2281; x_wconf 91' lang='lat' dir='ltr'>quod</span> <span class='ocrx_word' id='word_1_138' title='bbox 546 2218 667 2263; x_wconf 90' lang='lat' dir='ltr'>munus</span> <span class='ocrx_word' id='word_1_139' title='bbox 689 2199 868 2276; x_wconf 87' lang='lat' dir='ltr'>cumulate,</span> <span class='ocrx_word' id='word_1_140' title='bbox 893 2204 929 2262; x_wconf 89' lang='lat' dir='ltr'>et</span> <span class='ocrx_word' id='word_1_141' title='bbox 950 2199 1037 2263; x_wconf 83' lang='lat' dir='ltr'>sorte</span> <span class='ocrx_word' id='word_1_142' title='bbox 1062 2198 1151 2282; x_wconf 89' lang='lat' dir='ltr'>plns,</span> <span class='ocrx_word' id='word_1_143' title='bbox 1172 2217 1273 2281; x_wconf 87' lang='lat' dir='ltr'>quem</span> <span class='ocrx_word' id='word_1_144' title='bbox 1296 2215 1383 2282; x_wconf 87' lang='lat' dir='ltr'>opus</span> 
     </span>
     <span class='ocr_line' id='line_1_19' title="bbox 287 2299 1383 2384; baseline 0.001 -23"><span class='ocrx_word' id='word_1_145' title='bbox 287 2304 370 2374; x_wconf 82' lang='lat' dir='ltr'>erat,</span> <span class='ocrx_word' id='word_1_146' title='bbox 399 2299 449 2362; x_wconf 87' lang='lat' dir='ltr'>illi</span> <span class='ocrx_word' id='word_1_147' title='bbox 474 2302 662 2382; x_wconf 88' lang='lat' dir='ltr'>praestitum</span> <span class='ocrx_word' id='word_1_148' title='bbox 689 2301 851 2380; x_wconf 81' lang='lat' dir='ltr'>arbitror,</span> <span class='ocrx_word' id='word_1_149' title='bbox 885 2319 988 2384; x_wconf 90' lang='lat' dir='ltr'>quam</span> <span class='ocrx_word' id='word_1_150' title='bbox 1009 2305 1048 2364; x_wconf 90' lang='lat' dir='ltr'>ut</span> <span class='ocrx_word' id='word_1_151' title='bbox 1074 2300 1117 2363; x_wconf 88' lang='lat' dir='ltr'>ab</span> <span class='ocrx_word' id='word_1_152' title='bbox 1142 2299 1383 2382; x_wconf 77' lang='lat' dir='ltr'>intempestivis</span> 
     </span>
     <span class='ocr_line' id='line_1_20' title="bbox 286 2397 1384 2513; baseline 0.003 -52"><span class='ocrx_word' id='word_1_153' title='bbox 286 2397 586 2480; x_wconf 79' lang='lat' dir='ltr'>emendationibus,</span> <span class='ocrx_word' id='word_1_154' title='bbox 609 2400 644 2466; x_wconf 90' lang='lat' dir='ltr'>b.</span> <span class='ocrx_word' id='word_1_155' title='bbox 669 2420 699 2466; x_wconf 91' lang='lat' dir='ltr'>e</span> <span class='ocrx_word' id='word_1_156' title='bbox 724 2400 998 2485; x_wconf 87' lang='lat' dir='ltr'>corruptionibus</span> <span class='ocrx_word' id='word_1_157' title='bbox 1024 2400 1120 2513; x_wconf 85' lang='lat' dir='ltr'>illum</span> <span class='ocrx_word' id='word_1_158' title='bbox 1143 2407 1262 2477; x_wconf 86' lang='lat' dir='ltr'>tuerer,</span> <span class='ocrx_word' id='word_1_159' title='bbox 1287 2407 1323 2465; x_wconf 87' lang='lat' dir='ltr'>et</span> <span class='ocrx_word' id='word_1_160' title='bbox 1349 2399 1384 2464; x_wconf 89' lang='lat' dir='ltr'>in</span> 
     </span>
     <span class='ocr_line' id='line_1_21' title="bbox 285 2500 835 2567; baseline 0.006 -5"><span class='ocrx_word' id='word_1_161' title='bbox 285 2502 410 2563; x_wconf 86' lang='lat' dir='ltr'>statum</span> <span class='ocrx_word' id='word_1_162' title='bbox 426 2500 517 2565; x_wconf 87' lang='lat' dir='ltr'>velut</span> <span class='ocrx_word' id='word_1_163' title='bbox 530 2520 627 2566; x_wconf 92' lang='lat' dir='ltr'>sunm</span> <span class='ocrx_word' id='word_1_164' title='bbox 643 2521 835 2567; x_wconf 85' lang='lat' dir='ltr'>assererem.</span> 
     </span>
    </p>

    <p class='ocr_par' dir='ltr' id='par_1_5' title="bbox 287 2597 1385 3577">
     <span class='ocr_line' id='line_1_22' title="bbox 330 2597 1384 2685; baseline 0 -20"><span class='ocrx_word' id='word_1_165' title='bbox 330 2597 410 2677; x_wconf 81' lang='lat' dir='ltr'>Quo</span> <span class='ocrx_word' id='word_1_166' title='bbox 436 2602 546 2685; x_wconf 90' lang='lat' dir='ltr'>plures</span> <span class='ocrx_word' id='word_1_167' title='bbox 571 2603 715 2667; x_wconf 87' lang='lat' dir='ltr'>lectores</span> <span class='ocrx_word' id='word_1_168' title='bbox 743 2609 779 2667; x_wconf 88' lang='lat' dir='ltr'>et</span> <span class='ocrx_word' id='word_1_169' title='bbox 800 2602 970 2667; x_wconf 86' lang='lat' dir='ltr'>studiosos</span> <span class='ocrx_word' id='word_1_170' title='bbox 993 2602 1115 2667; x_wconf 85' lang='lat' dir='ltr'>babuit</span> <span class='ocrx_word' id='word_1_171' title='bbox 1138 2600 1317 2678; x_wconf 85' lang='lat' dir='ltr'>Horatius,</span> <span class='ocrx_word' id='word_1_172' title='bbox 1339 2619 1384 2665; x_wconf 82' lang='lat' dir='ltr'>eo</span> 
     </span>
     <span class='ocr_line' id='line_1_23' title="bbox 287 2702 1385 2786; baseline -0.001 -19"><span class='ocrx_word' id='word_1_173' title='bbox 287 2702 398 2786; x_wconf 88' lang='lat' dir='ltr'>plures</span> <span class='ocrx_word' id='word_1_174' title='bbox 412 2704 462 2767; x_wconf 92' lang='lat' dir='ltr'>illi</span> <span class='ocrx_word' id='word_1_175' title='bbox 477 2705 579 2769; x_wconf 90' lang='lat' dir='ltr'>etiam</span> <span class='ocrx_word' id='word_1_176' title='bbox 600 2722 718 2768; x_wconf 92' lang='lat' dir='ltr'>manus</span> <span class='ocrx_word' id='word_1_177' title='bbox 739 2702 916 2768; x_wconf 88' lang='lat' dir='ltr'>admovere</span> <span class='ocrx_word' id='word_1_178' title='bbox 935 2702 1132 2768; x_wconf 90' lang='lat' dir='ltr'>emendandi</span> <span class='ocrx_word' id='word_1_179' title='bbox 1147 2722 1254 2768; x_wconf 88' lang='lat' dir='ltr'>causa</span> <span class='ocrx_word' id='word_1_180' title='bbox 1274 2702 1385 2767; x_wconf 82' lang='lat' dir='ltr'>conati</span> 
     </span>
     <span class='ocr_line' id='line_1_24' title="bbox 288 2803 1384 2888; baseline -0.001 -20"><span class='ocrx_word' id='word_1_181' title='bbox 288 2810 378 2881; x_wconf 85' lang='lat' dir='ltr'>sunt,</span> <span class='ocrx_word' id='word_1_182' title='bbox 398 2823 463 2868; x_wconf 89' lang='lat' dir='ltr'>non</span> <span class='ocrx_word' id='word_1_183' title='bbox 486 2822 586 2887; x_wconf 81' lang='lat' dir='ltr'>aequo</span> <span class='ocrx_word' id='word_1_184' title='bbox 611 2824 784 2883; x_wconf 89' lang='lat' dir='ltr'>successu,</span> <span class='ocrx_word' id='word_1_185' title='bbox 805 2804 964 2871; x_wconf 83' lang='lat' dir='ltr'>dissimili</span> <span class='ocrx_word' id='word_1_186' title='bbox 983 2805 1137 2869; x_wconf 90' lang='lat' dir='ltr'>nimirum</span> <span class='ocrx_word' id='word_1_187' title='bbox 1162 2804 1230 2888; x_wconf 92' lang='lat' dir='ltr'>ipsi</span> <span class='ocrx_word' id='word_1_188' title='bbox 1253 2803 1384 2887; x_wconf 83' lang='lat' dir='ltr'>ingenio</span> 
     </span>
     <span class='ocr_line' id='line_1_25' title="bbox 288 2904 1385 2991; baseline 0.002 -24"><span class='ocrx_word' id='word_1_189' title='bbox 288 2904 519 2987; x_wconf 84' lang='lat' dir='ltr'>doctrinaque.</span> <span class='ocrx_word' id='word_1_190' title='bbox 563 2904 735 2987; x_wconf 82' lang='lat' dir='ltr'>Ingeniosi</span> <span class='ocrx_word' id='word_1_191' title='bbox 757 2914 792 2971; x_wconf 87' lang='lat' dir='ltr'>et</span> <span class='ocrx_word' id='word_1_192' title='bbox 814 2906 935 2971; x_wconf 88' lang='lat' dir='ltr'>eruditi</span> <span class='ocrx_word' id='word_1_193' title='bbox 956 2905 1020 2970; x_wconf 83' lang='lat' dir='ltr'>viri</span> <span class='ocrx_word' id='word_1_194' title='bbox 1046 2906 1111 2969; x_wconf 84' lang='lat' dir='ltr'>sibi</span> <span class='ocrx_word' id='word_1_195' title='bbox 1134 2906 1341 2991; x_wconf 83' lang='lat' dir='ltr'>placuerunt,</span> <span class='ocrx_word' id='word_1_196' title='bbox 1355 2906 1385 2969; x_wconf 87' lang='lat' dir='ltr'>si</span> 
     </span>
     <span class='ocr_line' id='line_1_26' title="bbox 288 3005 1385 3091; baseline 0.002 -22"><span class='ocrx_word' id='word_1_197' title='bbox 288 3005 369 3089; x_wconf 91' lang='lat' dir='ltr'>quid</span> <span class='ocrx_word' id='word_1_198' title='bbox 384 3007 585 3091; x_wconf 83' lang='lat' dir='ltr'>exsculpere</span> <span class='ocrx_word' id='word_1_199' title='bbox 607 3014 747 3089; x_wconf 88' lang='lat' dir='ltr'>possent</span> <span class='ocrx_word' id='word_1_200' title='bbox 768 3006 934 3091; x_wconf 82' lang='lat' dir='ltr'>elegantia</span> <span class='ocrx_word' id='word_1_201' title='bbox 949 3006 1098 3084; x_wconf 87' lang='lat' dir='ltr'>Horatii,</span> <span class='ocrx_word' id='word_1_202' title='bbox 1114 3015 1151 3073; x_wconf 90' lang='lat' dir='ltr'>ut</span> <span class='ocrx_word' id='word_1_203' title='bbox 1165 3008 1231 3090; x_wconf 90' lang='lat' dir='ltr'>ipsi</span> <span class='ocrx_word' id='word_1_204' title='bbox 1245 3006 1385 3071; x_wconf 86' lang='lat' dir='ltr'>arbitra·</span> 
     </span>
     <span class='ocr_line' id='line_1_27' title="bbox 288 3106 1384 3192; baseline 0.001 -22"><span class='ocrx_word' id='word_1_205' title='bbox 288 3108 415 3186; x_wconf 89' lang='lat' dir='ltr'>bantur,</span> <span class='ocrx_word' id='word_1_206' title='bbox 429 3108 581 3189; x_wconf 82' lang='lat' dir='ltr'>dignius:</span> <span class='ocrx_word' id='word_1_207' title='bbox 609 3108 669 3173; x_wconf 90' lang='lat' dir='ltr'>sed</span> <span class='ocrx_word' id='word_1_208' title='bbox 695 3109 837 3192; x_wconf 87' lang='lat' dir='ltr'>primum</span> <span class='ocrx_word' id='word_1_209' title='bbox 859 3108 942 3174; x_wconf 91' lang='lat' dir='ltr'>illud</span> <span class='ocrx_word' id='word_1_210' title='bbox 966 3108 1079 3192; x_wconf 89' lang='lat' dir='ltr'>ipsum</span> <span class='ocrx_word' id='word_1_211' title='bbox 1097 3108 1273 3192; x_wconf 89' lang='lat' dir='ltr'>judicium,</span> <span class='ocrx_word' id='word_1_212' title='bbox 1291 3106 1384 3186; x_wconf 85' lang='lat' dir='ltr'>Quid</span> 
     </span>
     <span class='ocr_line' id='line_1_28' title="bbox 287 3208 1384 3293; baseline 0.001 -21"><span class='ocrx_word' id='word_1_213' title='bbox 287 3208 332 3273; x_wconf 91' lang='lat' dir='ltr'>sit</span> <span class='ocrx_word' id='word_1_214' title='bbox 345 3209 381 3272; x_wconf 88' lang='lat' dir='ltr'>in</span> <span class='ocrx_word' id='word_1_215' title='bbox 395 3210 557 3293; x_wconf 87' lang='lat' dir='ltr'>scriptore</span> <span class='ocrx_word' id='word_1_216' title='bbox 576 3230 681 3293; x_wconf 90' lang='lat' dir='ltr'>prope</span> <span class='ocrx_word' id='word_1_217' title='bbox 695 3211 749 3275; x_wconf 90' lang='lat' dir='ltr'>bis</span> <span class='ocrx_word' id='word_1_218' title='bbox 770 3211 864 3275; x_wconf 91' lang='lat' dir='ltr'>mille</span> <span class='ocrx_word' id='word_1_219' title='bbox 886 3228 1047 3273; x_wconf 87' lang='lat' dir='ltr'>annorum</span> <span class='ocrx_word' id='word_1_220' title='bbox 1069 3210 1273 3291; x_wconf 73' lang='lat' dir='ltr'>elegantius,</span> <span class='ocrx_word' id='word_1_221' title='bbox 1299 3208 1384 3273; x_wconf 86' lang='lat' dir='ltr'>didi·</span> 
     </span>
     <span class='ocr_line' id='line_1_29' title="bbox 290 3309 1385 3393; baseline 0.002 -20"><span class='ocrx_word' id='word_1_222' title='bbox 290 3310 352 3373; x_wconf 86' lang='lat' dir='ltr'>cile</span> <span class='ocrx_word' id='word_1_223' title='bbox 368 3317 421 3373; x_wconf 85' lang='lat' dir='ltr'>est</span> <span class='ocrx_word' id='word_1_224' title='bbox 435 3316 467 3373; x_wconf 88' lang='lat' dir='ltr'>et</span> <span class='ocrx_word' id='word_1_225' title='bbox 479 3311 531 3375; x_wconf 89' lang='lat' dir='ltr'>ita</span> <span class='ocrx_word' id='word_1_226' title='bbox 545 3310 658 3374; x_wconf 89' lang='lat' dir='ltr'>multis</span> <span class='ocrx_word' id='word_1_227' title='bbox 673 3330 765 3393; x_wconf 81' lang='lat' dir='ltr'>saepe</span> <span class='ocrx_word' id='word_1_228' title='bbox 786 3309 976 3375; x_wconf 84' lang='lat' dir='ltr'>rationibus</span> <span class='ocrx_word' id='word_1_229' title='bbox 998 3309 1197 3387; x_wconf 83' lang='lat' dir='ltr'>involutum,</span> <span class='ocrx_word' id='word_1_230' title='bbox 1210 3316 1249 3376; x_wconf 92' lang='lat' dir='ltr'>ut</span> <span class='ocrx_word' id='word_1_231' title='bbox 1264 3312 1385 3375; x_wconf 86' lang='lat' dir='ltr'>merito</span> 
     </span>
     <span class='ocr_line' id='line_1_30' title="bbox 287 3409 1384 3533; baseline 0.004 -60"><span class='ocrx_word' id='word_1_232' title='bbox 287 3410 353 3474; x_wconf 92' lang='lat' dir='ltr'>boc</span> <span class='ocrx_word' id='word_1_233' title='bbox 369 3410 513 3474; x_wconf 84' lang='lat' dir='ltr'>maxime</span> <span class='ocrx_word' id='word_1_234' title='bbox 535 3410 569 3473; x_wconf 89' lang='lat' dir='ltr'>in</span> <span class='ocrx_word' id='word_1_235' title='bbox 591 3428 709 3491; x_wconf 82' lang='lat' dir='ltr'>genere</span> <span class='ocrx_word' id='word_1_236' title='bbox 724 3429 792 3493; x_wconf 91' lang='lat' dir='ltr'>quo</span> <span class='ocrx_word' id='word_1_237' title='bbox 807 3411 882 3494; x_wconf 88' lang='lat' dir='ltr'>quis</span> <span class='ocrx_word' id='word_1_238' title='bbox 904 3416 957 3475; x_wconf 89' lang='lat' dir='ltr'>est</span> <span class='ocrx_word' id='word_1_239' title='bbox 977 3409 1118 3489; x_wconf 88' lang='lat' dir='ltr'>doctior,</span> <span class='ocrx_word' id='word_1_240' title='bbox 1131 3416 1224 3475; x_wconf 84' lang='lat' dir='ltr'>tanto</span> <span class='ocrx_word' id='word_1_241' title='bbox 1246 3412 1384 3533; x_wconf 83' lang='lat' dir='ltr'>majoris</span> 
     </span>
     <span class='ocr_line' id='line_1_31' title="bbox 288 3508 1172 3577; baseline 0 -2"><span class='ocrx_word' id='word_1_242' title='bbox 288 3510 463 3577; x_wconf 86' lang='lat' dir='ltr'>modestiae</span> <span class='ocrx_word' id='word_1_243' title='bbox 478 3530 600 3575; x_wconf 84' lang='lat' dir='ltr'>causas</span> <span class='ocrx_word' id='word_1_244' title='bbox 614 3508 746 3575; x_wconf 86' lang='lat' dir='ltr'>babeat</span> <span class='ocrx_word' id='word_1_245' title='bbox 1167 3563 1172 3568; x_wconf 89' lang='lat'>.</span> 
     </span>
    </p>

    <p class='ocr_par' dir='ltr' id='par_1_6' title="bbox 289 3609 1389 4297">
     <span class='ocr_line' id='line_1_32' title="bbox 299 3609 1386 3697; baseline 0.007 -24.226"><span class='ocrx_word' id='word_1_246' title='bbox 299 3610 378 3676; x_wconf 91' lang='lat' dir='ltr'>Et</span> <span class='ocrx_word' id='word_1_247' title='bbox 404 3611 434 3677; x_wconf 85' lang='lat' dir='ltr'>si</span> <span class='ocrx_word' id='word_1_248' title='bbox 459 3609 576 3675; x_wconf 90' lang='lat' dir='ltr'>demus</span> <span class='ocrx_word' id='word_1_249' title='bbox 598 3610 680 3675; x_wconf 86' lang='lat' dir='ltr'>viris</span> <span class='ocrx_word' id='word_1_250' title='bbox 702 3609 827 3689; x_wconf 83' lang='lat' dir='ltr'>doctis,</span> <span class='ocrx_word' id='word_1_251' title='bbox 841 3610 950 3697; x_wconf 92' lang='lat' dir='ltr'>(quod</span> <span class='ocrx_word' id='word_1_252' title='bbox 972 3629 1049 3677; x_wconf 90' lang='lat' dir='ltr'>cnm</span> <span class='ocrx_word' id='word_1_253' title='bbox 1068 3612 1252 3678; x_wconf 88' lang='lat' dir='ltr'>universim</span> <span class='ocrx_word' id='word_1_254' title='bbox 1273 3616 1386 3697; x_wconf 82' lang='lat' dir='ltr'>negari</span> 
     </span>
     <span class='ocr_line' id='line_1_33' title="bbox 289 3710 1387 3799; baseline 0.005 -24"><span class='ocrx_word' id='word_1_255' title='bbox 289 3718 425 3797; x_wconf 87' lang='lat' dir='ltr'>propter</span> <span class='ocrx_word' id='word_1_256' title='bbox 438 3710 591 3777; x_wconf 72' lang='lat' dir='ltr'>humanae</span> <span class='ocrx_word' id='word_1_257' title='bbox 611 3715 739 3777; x_wconf 72' lang='lat' dir='ltr'>naturae</span> <span class='ocrx_word' id='word_1_258' title='bbox 752 3720 786 3777; x_wconf 89' lang='lat' dir='ltr'>et</span> <span class='ocrx_word' id='word_1_259' title='bbox 799 3733 847 3778; x_wconf 86' lang='lat' dir='ltr'>rer</span> <span class='ocrx_word' id='word_1_260' title='bbox 836 3712 969 3796; x_wconf 89' lang='lat' dir='ltr'>ipsius</span> <span class='ocrx_word' id='word_1_261' title='bbox 984 3712 1208 3779; x_wconf 88' lang='lat' dir='ltr'>conditionem</span> <span class='ocrx_word' id='word_1_262' title='bbox 1222 3733 1290 3780; x_wconf 88' lang='lat' dir='ltr'>uon</span> <span class='ocrx_word' id='word_1_263' title='bbox 1305 3710 1387 3799; x_wconf 85' lang='lat' dir='ltr'>pos·</span> 
     </span>
     <span class='ocr_line' id='line_1_34' title="bbox 290 3811 1387 3899; baseline 0.005 -21"><span class='ocrx_word' id='word_1_264' title='bbox 290 3814 345 3891; x_wconf 91' lang='lat' dir='ltr'>sit,</span> <span class='ocrx_word' id='word_1_265' title='bbox 359 3820 467 3877; x_wconf 86' lang='lat' dir='ltr'>tamen</span> <span class='ocrx_word' id='word_1_266' title='bbox 480 3814 515 3877; x_wconf 89' lang='lat' dir='ltr'>in</span> <span class='ocrx_word' id='word_1_267' title='bbox 528 3811 592 3878; x_wconf 90' lang='lat' dir='ltr'>boc</span> <span class='ocrx_word' id='word_1_268' title='bbox 608 3813 663 3877; x_wconf 86' lang='lat' dir='ltr'>vel</span> <span class='ocrx_word' id='word_1_269' title='bbox 677 3812 734 3879; x_wconf 92' lang='lat' dir='ltr'>illo</span> <span class='ocrx_word' id='word_1_270' title='bbox 752 3814 831 3879; x_wconf 86' lang='lat' dir='ltr'>loco</span> <span class='ocrx_word' id='word_1_271' title='bbox 845 3820 978 3899; x_wconf 91' lang='lat' dir='ltr'>propter</span> <span class='ocrx_word' id='word_1_272' title='bbox 992 3813 1130 3881; x_wconf 88' lang='lat' dir='ltr'>cansam</span> <span class='ocrx_word' id='word_1_273' title='bbox 1143 3814 1247 3881; x_wconf 91' lang='lat' dir='ltr'>modo</span> <span class='ocrx_word' id='word_1_274' title='bbox 1261 3816 1387 3884; x_wconf 83' lang='lat' dir='ltr'>indica·</span> 
     </span>
     <span class='ocr_line' id='line_1_35' title="bbox 289 3912 1389 4001; baseline 0.001 -20"><span class='ocrx_word' id='word_1_275' title='bbox 289 3922 360 3981; x_wconf 84' lang='lat' dir='ltr'>tem·</span> <span class='ocrx_word' id='word_1_276' title='bbox 378 3914 517 3981; x_wconf 89' lang='lat' dir='ltr'>concedi</span> <span class='ocrx_word' id='word_1_277' title='bbox 540 3916 599 3979; x_wconf 85' lang='lat' dir='ltr'>rix</span> <span class='ocrx_word' id='word_1_278' title='bbox 621 3934 662 3980; x_wconf 90' lang='lat' dir='ltr'>ac</span> <span class='ocrx_word' id='word_1_279' title='bbox 679 3934 720 3981; x_wconf 90' lang='lat' dir='ltr'>ne</span> <span class='ocrx_word' id='word_1_280' title='bbox 742 3916 798 3981; x_wconf 84' lang='lat' dir='ltr'>vix</span> <span class='ocrx_word' id='word_1_281' title='bbox 818 3914 955 4000; x_wconf 89' lang='lat' dir='ltr'>quidem</span> <span class='ocrx_word' id='word_1_282' title='bbox 972 3912 1120 4001; x_wconf 68' lang='lat' dir='ltr'>potest)</span> <span class='ocrx_word' id='word_1_283' title='bbox 1140 3917 1237 4001; x_wconf 88' lang='lat' dir='ltr'>ipsos</span> <span class='ocrx_word' id='word_1_284' title='bbox 1259 3917 1389 4000; x_wconf 85' lang='lat' dir='ltr'>aliquid</span> 
     </span>
     <span class='ocr_line' id='line_1_36' title="bbox 290 4015 1387 4103; baseline 0.004 -24"><span class='ocrx_word' id='word_1_285' title='bbox 290 4015 459 4081; x_wconf 87' lang='lat' dir='ltr'>invenisse</span> <span class='ocrx_word' id='word_1_286' title='bbox 475 4023 614 4100; x_wconf 86' lang='lat' dir='ltr'>accepta</span> <span class='ocrx_word' id='word_1_287' title='bbox 629 4015 784 4081; x_wconf 76' lang='lat' dir='ltr'>lectione</span> <span class='ocrx_word' id='word_1_288' title='bbox 799 4018 930 4097; x_wconf 89' lang='lat' dir='ltr'>melios,</span> <span class='ocrx_word' id='word_1_289' title='bbox 946 4017 1137 4103; x_wconf 80' lang='lat' dir='ltr'>pulchrius3</span> <span class='ocrx_word' id='word_1_290' title='bbox 1151 4017 1287 4083; x_wconf 86' lang='lat' dir='ltr'>enideo</span> <span class='ocrx_word' id='word_1_291' title='bbox 1302 4018 1387 4083; x_wconf 88' lang='lat' dir='ltr'>illud</span> 
     </span>
     <span class='ocr_line' id='line_1_37' title="bbox 290 4116 1388 4201; baseline 0.006 -22"><span class='ocrx_word' id='word_1_292' title='bbox 290 4117 597 4201; x_wconf 84' lang='lat' dir='ltr'>potiusscripsisse</span> <span class='ocrx_word' id='word_1_293' title='bbox 616 4116 809 4199; x_wconf 82' lang='lat' dir='ltr'>Horatium,</span> <span class='ocrx_word' id='word_1_294' title='bbox 823 4118 1013 4185; x_wconf 81' lang='lat' dir='ltr'>confectum</span> <span class='ocrx_word' id='word_1_295' title='bbox 1028 4121 1105 4185; x_wconf 76' lang='lat' dir='ltr'>esti</span> <span class='ocrx_word' id='word_1_296' title='bbox 1134 4118 1290 4186; x_wconf 82' lang='lat' dir='ltr'>Idcuitne</span> <span class='ocrx_word' id='word_1_297' title='bbox 1311 4118 1388 4186; x_wconf 84' lang='lat' dir='ltr'>dor·</span> 
     </span>
     <span class='ocr_line' id='line_1_38' title="bbox 292 4218 934 4297; baseline -0.002 -13"><span class='ocrx_word' id='word_1_298' title='bbox 292 4219 421 4297; x_wconf 87' lang='lat' dir='ltr'>mitero,</span> <span class='ocrx_word' id='word_1_299' title='bbox 435 4220 631 4285; x_wconf 86' lang='lat' dir='ltr'>hallucinari</span> <span class='ocrx_word' id='word_1_300' title='bbox 645 4219 744 4285; x_wconf 84' lang='lat' dir='ltr'>etiam</span> <span class='ocrx_word' id='word_1_301' title='bbox 760 4218 934 4285; x_wconf 71' lang='lat' dir='ltr'>Horatio?</span> 
     </span>
    </p>
   </div>
   <div class='ocr_carea' id='block_1_3' title="bbox 0 0 1601 4900">
    <p class='ocr_par' dir='ltr' id='par_1_7' title="bbox 0 0 1601 4900">
     <span class='ocr_line' id='line_1_39' title="bbox 0 0 1601 4900; baseline 0 0"><span class='ocrx_word' id='word_1_302' title='bbox 0 0 1601 4900; x_wconf 95' lang='lat' dir='ltr'> </span> 
     </span>
    </p>
   </div>
  </div>
 </body>
</html>
