3175 4900
534 376 746 427 catamitum
767 376 839 427 nra.
864 379 887 425 r.
907 364 962 427 15.
1051 426 1056 433 .

642 609 741 673 ODE
762 609 848 676 XV.

399 772 439 819 ΙΝ
465 770 504 817 Μ.
527 772 729 821 tritomum
755 772 802 821 ΕΤ
825 773 1090 822 annotaturum.

196 908 323 971 Exemplo
333 908 435 959 Paridis
446 910 567 961 luxuriosi
578 909 686 961 Juventr
696 910 736 961 Μ.
746 910 889 961 Antoniam
900 926 917 959 a
927 911 1003 961 civiti
1011 912 1086 961 Bello
1093 911 1218 963 deterret.
1235 910 1289 975 (Si-

228 986 297 1035 nrilla
308 988 493 1038 vetuatiaaimna
510 988 575 1037 liber
590 989 727 1045 Torrentii,
737 990 789 1038 Mt.
803 990 880 1040 Gutt.
889 990 1031 1047 Landiuua,
1043 991 1182 1054 tacuerit,
1200 994 1250 1039 dte.
1261 998 1291 1040 at

228 1066 321 1126 prebat
339 1066 496 1129 Alleguriam
514 1067 672 1116 Sanadunua.
703 1067 745 1117 Aa
765 1066 870 1118 utffiette
887 1076 929 1118 eat
945 1082 1000 1119 rem
1013 1084 1111 1134 negare
1122 1070 1290 1133 simpliciter:

229 1143 275 1193 aed
285 1154 390 1207 neeeat,
401 1160 451 1210 quo
463 1144 564 1195 refellas
575 1160 643 1208 enm,
653 1147 696 1211 qui
705 1147 785 1210 dieat,
797 1147 888 1195 inritae
901 1146 1038 1197 Horatium
1050 1150 1090 1198 vei
1099 1150 1243 1199 imitatione
1251 1150 1293 1199 rel

228 1224 394 1274 translatione
406 1226 472 1275 aden
482 1226 569 1277 Greci
580 1228 715 1279 Carminir.
748 1226 875 1291 Equidem
887 1236 961 1291 putu,
972 1229 995 1277 ai
1006 1228 1131 1292 rogitavit
1147 1228 1288 1279 Antonium

226 1308 253 1352 et
264 1302 430 1368 Cleopatram
441 1306 577 1372 Horatius,
586 1307 656 1357 illum
667 1307 743 1357 moda
755 1306 893 1372 cogitatae,
903 1307 967 1356 nihil
978 1308 1056 1357 aliud.
1074 1307 1160 1372 Gerre)

322 1432 476 1499 Pastore
491 1454 564 1501 cum
577 1434 721 1501 traheret
734 1456 794 1519 per
809 1435 892 1501 freta
906 1437 1049 1501 navibus

324 1532 427 1600 Idaeis
442 1536 612 1601 Helenam
628 1538 771 1621 perfidus
785 1538 967 1621 hospitam,

230 1710 291 1759 Cam
310 1717 389 1775 parter
397 1712 478 1771 saliae
493 1730 536 1777 per
552 1694 627 1764 mama
647 1715 769 1765 abduceret
785 1714 905 1767 Helenum
923 1711 1040 1776 humitate
1055 1712 1153 1761 audilam
1172 1711 1289 1773 Maria,

651 1864 833 1887 m

228 1974 286 2023 Ode
298 1989 364 2025 uuna
375 1977 446 2027 Libri
457 1979 564 2029 aaenndi
575 1982 601 2029 iu
610 1980 659 2029 Ed.
671 1980 767 2031 Sanatl.
786 1981 897 2030 variant
908 1978 1120 2041 inimeriptiana
1131 1974 1209 2025 codd.
1233 1974 1286 2023 Atti

195 2037 301 2096 lrabeat,
317 2040 359 2088 Aa
377 2042 489 2091 Paridem
495 2058 507 2100 ,·
532 2044 585 2107 alii,
601 2045 641 2093 Ad
658 2044 838 2101 Aleuuudrttmr
864 2043 917 2105 alii,
930 2043 970 2091 De
987 2043 1086 2091 Paride.
1119 2036 1290 2088 Venatum·

196 2109 304 2152 renuet
316 2104 424 2153 Leniter.
436 2106 607 2167 ngruatiruu
621 2109 717 2169 Mani
732 2107 838 2164 amatu,-
864 2108 976 2169 optimae
993 2113 1021 2154 et
1040 2104 1227 2154 retuatirairana
1246 2116 1293 2149 eu-

194 2164 245 2213 dex
256 2166 375 2217 Turreut.
394 2168 433 2216 Ad
443 2168 607 2219 Alexandrum
618 2172 739 2229 Paridem,
751 2172 794 2220 aab
813 2172 879 2232 rrqjaa
896 2184 994 2231 peram
1011 2168 1124 2230 exprimit
1141 2166 1290 2239 inminentia

196 2226 272 2286 bellur
298 2230 387 2295 ceteri,
406 2232 437 2280 la
453 2234 492 2280 M.
504 2234 635 2283 Antoniam
650 2241 674 2283 et
687 2236 845 2297 Cleopatram,
861 2232 947 2297 ‘quud
959 2232 1034 2294 liujus
1053 2232 1101 2280 luci
1114 2244 1165 2277 nou
1178 2227 1236 2285 eat,’
1254 2241 1292 2275 rn-

195 2292 251 2351 uuit
263 2292 379 2351 iani—2
395 2296 470 2345 Idaeia
485 2298 584 2347 AEieura
603 2298 680 2347 Harl.
697 2303 721 2347 t.
753 2298 871 2347 Helenum
890 2298 997 2345 Venett.
1013 2293 1074 2345 Aru.
1092 2294 1185 2343 Heius.
1202 2291 1293 2367 Struit.

196 2355 290 2417 Delph.
302 2358 387 2407 Bond.
400 2360 529 2409 Sclrrevel.
540 2361 648 2411 Baxter.
666 2361 757 2411 Cumb.
774 2371 802 2409 et
818 2358 918 2409 Waltel'.
951 2358 1059 2408 Helenen
1075 2356 1194 2407 Lambini
1212 2355 1290 2431 pierr-

196 2420 591 2489 que,t³utm.1.2.a.t.ctuq.
612 2426 700 2476 Lamb.
719 2425 842 2476 Glarean.
861 2423 948 2475 Bentl.
969 2423 1079 2486 Criniug.
1099 2420 1198 2472 Sanad.
1216 2419 1288 2475 Janr,

683 2565 792 2619 NOTAE

226 2670 340 2726 Metram
353 2670 420 2728 idem
431 2672 499 2736 quud
510 2687 588 2735 tunra
598 2672 657 2722 Ode
666 2685 704 2722 vr.
761 2671 939 2734 educatusque
956 2685 972 2718 a
990 2675 1105 2732 pertore,
1123 2675 1150 2716 et
1169 2666 1226 2728 ipae
1244 2664 1290 2717 ali·

228 2752 241 2794 l
260 2748 346 2796 Paratur
366 2762 418 2796 caut
436 2749 552 2809 truderet,
570 2748 623 2811 iu]
647 2749 724 2800 stent
761 2746 882 2812 quamdiu
894 2755 992 2808 partor,
999 2758 1144 2809 quanquam
1155 2748 1214 2792 erat
1222 2741 1290 2793 filine

194 2820 261 2882 tund
276 2822 457 2885 aucmentum,
472 2824 618 2882 cmundra
628 2824 721 2874 Paridi
761 2821 1039 2884 Priami'l'rujauurum
1050 2819 1119 2882 regia
1125 2825 1152 2866 et
1161 2817 1290 2879 Hecubae,

193 2895 513 2958 Trojanpingredientilta
523 2898 565 2958 hie¹
576 2899 659 2954 eidem
670 2900 722 2948 iter
762 2911 820 2959 qnae
840 2909 977 2958 pungnant
1001 2894 1084 2945 facem
1104 2909 1132 2943 ae
1153 2893 1289 2943 ardentem

196 2974 293 3035 agenti,
303 2973 483 3035 Helenamque
499 2973 561 3022 belli
574 2972 661 3029 ,lacem
675 2973 721 3020 dn·
763 2985 856 3033 parere
864 2970 1017 3021 tumulavit:
1035 2983 1086 3031 quu
1094 2970 1185 3018 territa
1195 2975 1222 3016 et
1230 2981 1291 3016 cun-

194 3047 381 3106 cerumtamen
389 3046 724 3110 vaticinaturquantaierat
758 3047 889 3108 jectumm
900 3046 1012 3107 impulaa
1026 3057 1149 3106 responsu
1160 3057 1291 3107 exponen·

195 3123 273 3177 mala.
284 3121 401 3186 adeoque
411 3122 495 3185 Trujta
508 3122 617 3173 ruinam.
640 3123 722 3172 Auta·
763 3123 823 3169 dum
835 3127 972 3169 curaverat
983 3119 1072 3168 filium.

194 3197 265 3248 niatu
284 3197 431 3262 Cleopatrae
450 3197 579 3249 amoribua
592 3197 721 3247 irretitum
797 3194 924 3257 Tmleret]
940 3193 993 3244 Per
1010 3195 1093 3242 variar
1112 3193 1238 3255 regiones,
1253 3191 1292 3256 di·

195 3273 315 3334 exemplu
332 3271 434 3320 Paridis
451 3272 625 3322 admauariab
637 3272 722 3328 llura·
763 3283 889 3332 versaque
910 3269 1003 3330 maria,
1022 3268 1178 3332 tandemque
1196 3268 1224 3316 iu
1246 3281 1291 3330 pa·

197 3347 234 3398 tiu
256 3361 304 3397 non
327 3361 403 3402 nemu
425 3347 554 3410 opinatur.
598 3349 722 3398 Ceterum
763 3346 839 3395 triam
851 3358 922 3394 auam
933 3345 1038 3407 Troiam
1054 3343 1226 3407 pertraheret.

196 3431 289 3474 eunrtu
311 3420 373 3476 iere.
389 3436 422 3470 ex
442 3421 557 3478 Homero
577 3422 723 3486 drprumta.
796 3419 906 3470 Nuuidar
921 3418 1008 3482 ldoeir]
1032 3416 1175 3469 Fabricatia
1194 3417 1221 3466 in
1243 3415 1293 3466 ida

195 3499 288 3549 Senam
307 3507 361 3549 eut:
380 3501 444 3550 Cum
457 3499 534 3551 Paria
545 3499 671 3552 Helenam
685 3513 723 3547 ra·
761 3495 871 3544 'l'roadia
883 3501 979 3544 monte.

196 3583 270 3636 peret
281 3573 389 3638 hutpitir
396 3574 510 3626 Menelai
519 3587 634 3634 uxorem,
643 3579 724 3638 atqua
795 3575 812 3621 a
829 3571 948 3624 Helenum
958 3569 1061 3634 perfidae
1071 3567 1197 3630 domitam]
1214 3566 1290 3617 Paria

197 3661 211 3697 e
228 3649 322 3712 Sparta
340 3649 444 3712 'l'rujanr
462 3647 607 3710 navigaret,
622 3649 727 3698 Nereae,
762 3645 874 3709 ltotpitiu
885 3652 1006 3707 receptur
1014 3643 1082 3706 apud
1094 3643 1251 3704 Menelaum,
1259 3656 1291 3690 eo

198 3723 270 3772 Deua
288 3726 400 3773 marinae
420 3730 510 3772 ventor
527 3723 652 3785 retribuit,
662 3724 723 3774 dum
763 3718 868 3782 quidam
886 3719 994 3768 absente
1015 3719 1041 3766 in
1063 3716 1218 3766 adulterium
1237 3717 1294 3780 pel·¹

196 3797 341 3860 pemdutttt
355 3798 724 3862 raptuticaneretimpenden·
762 3795 828 3843 lexit
839 3793 999 3856 abduxitque
1016 3791 1144 3840 Helenam
1160 3793 1214 3854 ejna
1230 3805 1292 3842 nau,-

195 3879 248 3922 tear
259 3871 372 3933 uladem,
389 3872 555 3924 ubvlulatum
569 3872 624 3934 jue,
640 3872 725 3930 etin·
766 3884 840 3930 rem3
868 3869 1008 3932 adjuvante
1035 3867 1153 3916 nimirum
1178 3866 1292 3926 Venere,

196 3953 280 3999 certae
292 3948 406 4010 nuptiae.
425 3946 493 3999 Vide
505 3946 725 4003 Herodotiibmr.
765 3959 825 4010 qum
845 3942 1053 3993 furmurimimam
1071 3938 1161 3990 Paridi
1181 3952 1294 4001 spopun-

196 4019 315 4068 Enatatlr.
327 4021 352 4069 in
363 4020 441 4070 Iliad.
452 4027 478 4069 z.
765 4022 840 4073 deret
850 4019 990 4079 feminam,
1000 4019 1026 4066 in
1040 4015 1175 4081 praemium
1187 4015 1292 4078 judicii,

230 4093 330 4155 putor]
345 4095 430 4157 Paria,
449 4097 502 4154 aliu
516 4096 619 4146 numine
637 4095 724 4147 dietna
764 4095 923 4159 quuluuuni
939 4101 967 4145 et
983 4092 1084 4144 Palladi
1096 4093 1206 4156 praelata
1216 4090 1249 4141 ab
1260 4102 1294 4147 en

197 4166 496 4234 Atmmu,expoutm
512 4170 540 4220 in
560 4171 608 4222 Ida
625 4178 724 4235 munte,
764 4170 860 4223 fuerat.
