3175 4900
431 407 632 458 uxuuaaus
655 412 708 460 ro
732 413 941 462 oruuruuu
967 417 1039 464 uro.
1063 420 1085 465 t.
1236 404 1301 468 239

699 551 808 604 Nora:

205 662 271 712 Mihi
280 662 379 726 puriter
390 661 501 713 sufficiat
511 672 608 729 myrtoo
620 666 730 730 simplex
753 675 880 720 eurota
893 669 953 731 vite,
962 669 987 718 id
1000 676 1047 730 ert,
1056 670 1103 719 rub
1113 671 1259 733 palmitibur
1271 679 1299 723 et

205 736 731 804 conrideotiquideurethilariter‘blbenti‚
770 747 898 809 pampinia
907 747 1016 810 pergula
1024 747 1129 797 intextio
1138 755 1164 797 et
1173 747 1300 800 suffultia:

205 827 256 862 nou
267 819 296 862 nt
307 813 396 862 Perre
406 814 453 862 rub
461 815 576 864 lacunari
587 816 732 879 apleutlitlm
770 836 825 871 arur
836 821 859 870 lu
870 823 955 874 actm.

205 888 251 938 aad
268 887 316 938 rub
333 887 394 940 vitia
407 889 568 954 umbraculo,
579 891 627 941 rub
644 893 733 943 humili

535 1447 960 1547 EXCURSUS
1016 1474 1018 1480 ·

395 1666 481 1739 AD
520 1665 863 1748 cruuruutu
902 1673 1020 1750 utu.
1064 1677 1099 1750 1.

490 1885 495 1895 ·
598 1870 661 1934 [nx
678 1872 776 1924 corr.
792 1871 901 1937 saut]

638 2035 881 2049 *—

557 2159 874 2230 EXGURSUS
914 2167 943 2230 1.

588 2327 641 2376 An
660 2327 683 2379 1.
699 2327 762 2379 ot).
779 2332 911 2380 1.a-ta.

202 2439 414 2515 Quartum!
436 2471 486 2525 ert,
504 2466 593 2516 atatim
605 2466 637 2515 ad
657 2468 767 2530 primum
780 2468 902 2530 Carmen,
923 2482 981 2531 qun
998 2466 1135 2517 attendero
1154 2468 1250 2519 debeat
1268 2468 1295 2517 iu

201 2544 398 2607 elegantlaalmia
409 2544 478 2593 illius
490 2545 667 2609 imaguncula,
679 2546 794 2609 pluribua
812 2545 906 2595 docere
917 2546 1117 2609 adolescentem,
1130 2560 1181 2610 quo
1192 2552 1227 2608 et,
1237 2562 1296 2611 quae

202 2621 236 2671 (lo
252 2624 360 2686 picturlr
376 2624 465 2688 lyrioir
483 2624 603 2686 diximus,
615 2625 716 2689 plaulua
734 2624 890 2688 intelligere,
907 2630 934 2675 et
946 2626 1048 2674 omuino
1062 2638 1155 2674 acuero
1172 2640 1245 2675 auum
1263 2626 1297 2675 de

202 2703 395 2764 pulchritudiae
408 2704 536 2767 judicium
553 2705 654 2755 dlaoat:
675 2706 743 2769 quoti
761 2714 789 2755 et
808 2706 841 2754 atl
862 2711 1007 2755 ceterorum
1025 2704 1127 2760 Horatii
1147 2706 1296 2755 carminum

202 2782 310 2831 virtuter
319 2790 392 2833 reolo
401 2783 548 2834 sentiendas
558 2785 710 2847 adjumento
720 2785 745 2834 ci
756 2784 811 2834 fore
823 2785 946 2834 arbitror.
1009 2786 1017 2802 ‘

233 2861 347 2929 l'rlmum
357 2864 478 2914 advertat
494 2866 616 2926 animum,
626 2871 723 2928 quauto
739 2879 797 2913 curu
816 2864 914 2913 dilectu
926 2865 951 2911 in
963 2863 1078 2929 quamvis
1089 2864 1227 2926 picturam,
1238 2878 1297 2927 apa·

201 2942 260 2989 ciali
272 2940 328 2991 lere
344 2944 449 2992 notione
466 2942 586 3005 quadam,
599 2950 718 3005 tanquam
736 2943 815 3004 linea,
826 2942 1014 2999 adumbratam.
1025 2957 1068 2991 eor
1086 2950 1186 2992 tantum
1198 2944 1299 2992 coloreo

202 3020 283 3070 Poita
299 3022 427 3081 intulerit,
438 3035 502 3085 quoa
517 3022 628 3071 maximo
645 3022 729 3070 nitere
746 3021 934 3080 intellexissem
950 3028 980 3069 ut
995 3023 1021 3069 in
1033 3023 1183 3069 suavissima
1195 3020 1298 3070 cuderu-

202 3114 252 3161 une
263 3100 405 3149 sortlaaima
414 3100 552 3160 brevitate,
562 3114 621 3164 quae
634 3100 794 3161 picturarum
805 3098 943 3162 lyricorum
961 3097 1044 3161 prima
1057 3098 1137 3146 virtue
1148 3106 1199 3154 eat,
1210 3113 1296 3149 coram

200 3179 296 3227 latuerl
313 3180 400 3228 omnia
418 3179 559 3229 uideamur.
591 3176 703 3234 Deinde.
723 3192 799 3240 quam
819 3178 954 3240 exquisitio
976 3174 1067 3225 utatur
1086 3177 1180 3237 verbio,
1200 3178 1311 3240 reique„

200 3271 277 3322 quam
289 3266 350 3307 anta
361 3260 450 3308 oculor
460 3258 548 3320 habat,
561 3257 771 3314 accommodatis,
780 3270 908 3322 nunquam
920 3256 960 3303 vel
971 3254 1147 3304 humilioribua
1156 3257 1196 3305 rel
1209 3254 1298 3305 eletio-
1406 3268 1410 3275 ·

202 3338 290 3397 ribua;
307 3337 436 3402 quomotlo
445 3352 493 3401 pro
511 3338 548 3387 rei
560 3336 684 3400 subjectu
697 3344 789 3386 natura
801 3349 869 3384 nuno
880 3333 1025 3397 magnifice,
1037 3348 1074 3383 ve.
1082 3338 1107 3382 o.
1121 3339 1143 3383 8.
1156 3349 1224 3383 utino
1235 3337 1297 3384 ruol-

201 3417 269 3478 liter‚
280 3431 317 3470 rr.
336 3421 374 3467 12.
389 3422 431 3467 au.
446 3431 516 3466 nuuc
533 3416 671 3477 horrende,
682 3431 719 3465 rr.
736 3418 775 3465 1⁵.
787 3418 828 3466 24.
845 3427 913 3463 nuno
930 3412 1043 3473 heroice,
1062 3428 1098 3462 rr.
1111 3416 1153 3462 22.
1165 3415 1297 3477 loquatur.

200 3496 264 3545 Tura
276 3511 369 3560 magna
379 3496 507 3546 Carminis
518 3496 598 3546 rirtna
610 3498 728 3545 cernitur
737 3495 764 3543 in
775 3494 901 3543 varietata
912 3500 939 3543 ot
951 3493 1042 3558 copia:
1060 3493 1121 3542 dum
1134 3494 1206 3554 ittnd,
1218 3495 1303 3544 unice'

202 3590 297 3640 amare,
308 3576 484 3627 beatissimum
495 3591 523 3625 ae
533 3576 651 3635 eredere,
658 3574 727 3639 quoti
738 3574 816 3624 toties
827 3579 884 3623 erat
893 3572 1099 3635 exprimendum,
1109 3587 1176 3623 nore
1186 3587 1298 3637 temper,

202 3655 282 3704 colaia
300 3657 388 3707 atutllo
407 3658 511 3721 propria
525 3658 625 3708 ratione
636 3656 721 3705 Polite
735 3656 839 3716 extulit,
850 3662 929 3718 atque
945 3654 1046 3702 omuino
1064 3653 1100 3701 ita
1113 3654 1223 3702 variavit
1235 3668 1295 3703 con·

204 3738 332 3787 reniouoa
342 3744 549 3800 structuramque
561 3738 697 3786 verborum
713 3736 740 3785 iu
757 3737 847 3800 quarta
861 3737 974 3798 pictura,
986 3741 1015 3782 ut
1031 3740 1059 3782 ot
1077 3732 1132 3782 siue
1147 3732 1295 3795 fastidium

202 3815 381 3886 marimanam
393 3817 527 3879 voluptate
537 3814 712 3879 uorltatiaqua
726 3814 906 3875 admiratione,
919 3828 1004 3861 earuru
1017 3813 1108 3861 aeriem
1120 3813 1182 3859 ratis
1194 3811 1295 3871 longam

203 3902 378 3945 contueamur.
412 3896 531 3959 Denique
542 3908 646 3958 semper
662 3894 774 3958 cnjuaria
785 3894 862 3943 atudii
875 3894 915 3941 rel
928 3894 1079 3952 vanitatem,
1092 3882 1131 3940 rel
1144 3890 1295 3944 molestiam,

203 3987 254 4021 uuo
271 3974 386 4023 alterove
397 3974 476 4025 verbo
492 3976 604 4025 molliter
621 3974 708 4038 tetigit
724 3974 795 4039 quaal
812 3972 947 4023 rubridena
965 3972 1058 4033 Poita,
1069 3981 1098 4020 ut
1110 3986 1145 4019 rr.
1162 3975 1186 4019 7.
1202 3972 1243 4017 te.
1253 3972 1295 4016 20.

202 4056 243 4101 at.
254 4056 295 4101 20.
307 4056 347 4103 at.
357 4066 417 4116 nou,
427 4069 479 4116 quo
489 4063 670 4106 contemneret
686 4070 718 4103 ea
734 4055 829 4113 omnia,
840 4052 934 4115 quibua
950 4052 992 4101 atii
1012 4050 1079 4101 beati
1097 4056 1191 4110 errent,
1203 4045 1248 4096 aad
1266 4054 1296 4095 ut

204 4140 242 4192 et,
253 4138 350 4195 quauta
360 4134 397 4180 ria
409 4141 479 4182 earet
489 4134 613 4197 cujuaque
623 4133 702 4183 atudil
714 4134 739 4181 lu
750 4133 919 4193 lrourluer‚et‚
928 4137 1025 4194 quanto
1036 4129 1152 4193 ariperior
1169 4132 1237 4176 erret
1246 4140 1293 4175 aua

203 4226 237 4261 ex
248 4211 352 4274 ingenio
362 4210 466 4275 po'e'tioo
478 4215 597 4277 voluptas
607 4219 635 4262 et
645 4213 737 4276 glorie,
747 4212 871 4262 eluceret.
