3175 4900
629 391 839 444 centauro.
1271 375 1294 453 9

199 531 276 599 culo
290 537 401 598 neutro
422 537 476 595 eet
496 531 686 614 antiquior,·
701 531 856 615 idemque
866 530 972 598 -0dae
985 551 1102 599 ennoea
1122 531 1243 605 Poeta
1254 551 1297 598 eo

198 634 275 715 ipee
290 633 413 709 ordine,
428 651 495 716 qno
509 631 671 706 hahentur
691 633 726 700 id
740 633 836 698 lihrie
849 634 982 714 matris,
995 634 1171 700 recorrecti
1207 632 1297 700 Poe·

199 739 265 806 tarn
281 733 413 816 quidem
428 733 541 816 ipsum
556 732 664 814 primo
684 732 789 797 libros
810 738 876 799 tree
892 733 1094 811 Garm'nrum,
1109 733 1231 806 dum
1244 736 1297 801 in»

199 833 335 906 tertullo
363 821 463 915 torrae
496 833 695 916 interponito
729 838 883 914 quartum
911 833 1071 910 edidieee,
1098 840 1216 921 auctor
1243 842 1298 903 eet

200 934 379 1002 Suetonius
401 936 437 999 in
453 933 553 1015 Viter
577 934 631 1004 oui
654 933 700 1004 rei
722 935 825 1016 plene
845 933 1021 1002 sindon
1039 934 1225 1006 lutitmurn
1243 952 1296 1010 ree

199 1042 439 1218 pughdthperm
455 1093 596 1217 pretium
613 1138 675 1211 cst,
690 1135 722 1200 h.
735 1153 764 1198 e.
780 1134 945 1201 studiosis
958 1136 1108 1213 Horatii,
1121 1135 1182 1219 qui
1193 1135 1298 1208 Bura

199 1236 533 1319 leicnumerretrplar
553 1235 595 1302 ad
618 1251 735 1304 menne
755 1256 823 1302 non
837 1238 984 1315 'hahent
997 1237 1300 1320 accommodatum,

200 1337 281 1420 poni
295 1337 468 1421 posthanc
483 1337 718 1403 Praedonem
729 1337 843 1408 locum
857 1339 1019 1422 integrm
1031 1357 1075 1407 ex
1091 1337 1300 1428 Perictione

200 1441 263 1507 viri
276 1443 407 1522 ‚unroh
421 1459 491 1523 quo
506 1446 658 1522 tempora
671 1440 830 1509 libromn
843 1439 983 1508 Hanni
996 1440 1152 1521 ord’unt3
1163 1440 1216 1506 de
1228 1457 1299 1524 que

200 1541 264 1608 hoo
277 1547 365 1610 certe
386 1541 583 1610 confirmare
600 1559 756 1624 'pereum
778 1553 843 1617 me,
866 1541 944 1610 drrm
965 1559 1127 1608 reoeereo
1147 1539 1299 1622 enm

199 1641 359 1726 Enlogrs.
384 1643 559 1725 diligenter
581 1643 768 1721 attmdiree,
798 1644 832 1712 ai
859 1643 941 1727 quid
967 1650 1061 1712 eeeet
1089 1641 1300 1712 Bmtleienie

201 1749 384 1826 temporum
413 1743 893 1823 comarumcomarum
917 1744 1177 1832 deprehendisse
1203 1743 1301 1827 quior

202 1863 313 1927 quam,
335 1844 428 1927 quod
443 1852 649 1910 momentum
669 1845 807 1928 aliquod
820 1844 864 1911 ad
878 1865 952 1910 eam
966 1844 1181 1911 evertendam
1194 1843 1301 1908 hehe·

200 1931 261 2021 r'et,
275 1945 356 2009 licet
369 1944 572 2028 quibusdam
595 1945 730 2027 Eologis
752 1965 822 2010 non
837 1946 1055 2030 improbabili
1068 1947 1198 2011 ratione
1213 1945 1300 2010 forte

200 2051 329 2126 tempus
351 2045 454 2108 ctiam
475 2044 581 2122 aliud,
607 2046 774 2122 recentius
798 2047 995 2131 praesertim,
1024 2047 1134 2130 po'seit
1162 2046 1299 2113 ascribi.

203 2141 257 2207 De
274 2144 437 2208 Saeculari
452 2143 605 2210 Carmine
628 2166 690 2210 suo
712 2148 788 2218 loco
812 2149 899 2212 eatis
920 2147 1056 2225 dictum,
1078 2147 1300 2212 etlandatnm

202 2245 366 2326 ingenium
382 2244 568 2309 Sauadoni.
612 2243 728 2311 Possit
740 2248 864 2330 aliquio
886 2248 1014 2312 Drama
1026 2248 1117 2313 velut
1131 2246 1301 2330 quoddam

200 2365 266 2410 non
292 2344 443 2409 absimile
467 2352 645 2410 contexere
668 2348 789 2424 exiis,
814 2367 891 2430 quae
912 2349 947 2412 in
972 2348 1145 2414 Canidiam
1171 2346 1301 2430 scripta

203 2453 291 2523 nunt,
313 2445 342 2509 si
357 2445 477 2529 junget
494 2462 518 2509 r.
533 2444 606 2511 Sat.
623 2445 654 2511 8.
692 2447 802 2532 Epod.
817 2467 850 2515 v.
873 2458 909 2514 ct
924 2466 1020 2513 xvrr.
1034 2450 1177 2533 denique
1194 2464 1219 2512 t.
1234 2447 1302 2513 Od.

202 2547 255 2611 16.
270 2548 326 2631 qui
340 2548 414 2629 ipse
430 2546 512 2611 crdo
532 2566 578 2610 ex
601 2556 795 2630 argumento
815 2548 951 2615 elucens
971 2548 1109 2635 pulchre
1130 2549 1312 2615 Bentleiav

201 2668 279 2712 nam
293 2647 335 2712 de
349 2649 554 2731 temporibus
568 2648 766 2733 hypothesin
781 2652 965 2715 coufirmat.

245 2748 334 2828 Quae
348 2748 459 2813 adhuc
480 2748 665 2832 disputavi,
687 2768 729 2813 ca
750 2750 794 2814 ad
816 2750 909 2815 illam
929 2750 998 2815 tere
1021 2756 1149 2834 purtem
1164 2750 1302 2815 consini

202 2850 266 2915 mei
277 2850 452 2934 pertinent,
466 2847 556 2931 quod
571 2848 674 2913 statui
694 2868 905 2928 conservare,
927 2851 1141 2932 quantumin
1160 2869 1215 2915 me
1234 2858 1302 2929 eet,

65 2964 79 2979 ⁵
205 2951 340 3017 Horatii
356 2951 469 3027 verba,
489 2940 704 3031 ordinemque
725 2947 941 3027 Poematnm
966 2959 1001 3015 ut
1022 2969 1066 3015 ea
1087 2969 1133 3013 ex
1155 2951 1302 3033 antiquie

203 3053 296 3116 lihrie
311 3050 354 3115 ad
370 3068 432 3113 uos
447 3067 640 3131 pervenere.
685 3047 725 3111 ln
740 3046 915 3113 Varietate
936 3050 1124 3127 Lectionis,
1139 3069 1239 3132 quam
1253 3052 1302 3116 al·

204 3160 309 3217 teram
325 3149 435 3213 dotem
460 3146 628 3211 Editionis
650 3153 776 3211 nostrae
801 3149 954 3215 volebam
975 3168 1064 3225 enee,
1077 3144 1221 3213 modum'
1234 3170 1302 3215 rer·

125 3287 134 3301 ·
204 3270 370 3315 varocum
384 3248 476 3312 volni
494 3247 663 3341 equidem,
682 3266 781 3330 quem
800 3250 962 3331 optimum
975 3248 1056 3312 mihi
1071 3247 1175 3312 rideri
1196 3268 1302 3331 snpra

206 3352 364 3419 indicari.
409 3349 584 3423 Notarum,
600 3351 724 3432 quihus
745 3368 785 3415 ea
801 3351 835 3413 in
849 3368 886 3412 re
900 3368 1083 3426 neunsnm,
1098 3347 1304 3431 explicatio·
1429 3410 1438 3422 ,

205 3475 280 3519 nem
296 3450 417 3516 deinde
438 3468 575 3533 ponam,
590 3457 622 3513 et
644 3448 763 3515 eadem
786 3448 946 3513 indicabo
967 3448 1095 3514 auxilia
1108 3446 1209 3531 hujus
1223 3446 1304 3513 Edi·
1364 3478 1373 3494 ·

206 3554 318 3632 tionis,
334 3571 515 3634 eorumque
529 3558 697 3616 auctores.

248 3643 391 3735 Qualem
420 3659 573 3735 optarem
601 3652 908 3735 interpretationem
943 3650 1090 3725 Horatii,
1122 3647 1159 3713 id
1192 3650 1305 3731 ipsum

206 3772 338 3840 quoque
353 3770 455 3833 supra
468 3750 611 3829 ostendi,
625 3771 767 3834 eamque
781 3752 944 3816 rationem
958 3768 1019 3831 pro
1032 3747 1121 3814 virili
1135 3753 1231 3829 parte
1250 3766 1304 3812 ee-

206 3863 303 3921 cutue
318 3873 401 3918 eum.
446 3850 643 3917 Benedicta
657 3854 860 3937 abantiquis
884 3849 1083 3915 Scholiaetis
1098 3852 1132 3912 et
1152 3848 1305 3911 Baxtero

206 3976 272 4019 non
288 3973 375 4037 opus
390 3952 561 4017 habebant
572 3971 647 4017 mea
668 3952 939 4018 confirmatione:
962 3950 993 4014 si
1012 3948 1093 4032 quid
1113 3966 1213 4012 aecus
1228 3967 1306 4011 een·

207 4058 314 4131 tirem,
327 4056 360 4118 iu
374 4054 417 4117 iis
432 4052 531 4129 locie,
553 4053 613 4135 qni
635 4059 835 4117 momentum
855 4048 992 4133 aliquod
1014 4050 1136 4113 habere
1156 4046 1306 4111 rideren-

207 4163 269 4232 tur,
290 4153 438 4219 indicari
460 4154 584 4219 libere:
608 4162 756 4219 ceterum
780 4153 835 4218 hic
856 4169 987 4228 moneo,
1009 4147 1142 4214 silentio
1159 4166 1213 4211 mc
1227 4166 1304 4211 meo
