3175 4900
662 382 695 438 q.
718 377 877 425 norrun
902 378 1034 428 rorent

434 522 780 604 Secernuutpopu103
803 523 957 602 sineque
971 521 1074 584 tibias

433 623 578 706 Euterpe
594 622 736 699 cohibet,
750 641 815 686 nec
831 622 1054 705 i’olybymnia
1154 668 1157 676 .

434 724 603 789 Lesboum
618 722 738 804 refugit
751 724 887 787 tendere
899 722 1064 786 barbiton.

434 824 536 902 Quod
550 825 579 888 si
594 844 646 888 tne
660 824 775 906 lyricis
791 825 925 888 vatibus
939 823 1075 898 inseris,
1354 825 1398 889 35

304 1025 408 1085 Sadame
417 1022 515 1088 statutae
524 1022 622 1084 eoircet,
635 1035 706 1084 sequa
718 1020 877 1084 Polyhymnia
891 1021 1034 1081 dedignatur
1047 1019 1168 1070 intendere
1184 1021 1261 1083 lyram
1276 1019 1396 1070 Lesbium.

306 1089 374 1144 Quod
383 1087 405 1136 ai
415 1102 451 1136 me
462 1101 598 1136 annumeret
609 1087 692 1135 Politia
702 1085 805 1149 Lyriois,
816 1085 897 1133 colum
907 1085 1026 1147 ottingam
1036 1087 1125 1134 excelso
1135 1081 1220 1148 enp'ite.

757 1219 940 1240 ”nomene

304 1318 409 1368 Anbalt.
425 1319 450 1366 in
462 1333 512 1382 quo
525 1319 619 1368 diserte
631 1319 748 1370 ltu-ss
765 1319 795 1368 Si
805 1335 878 1383 amaa
885 1320 994 1383 probibet
1005 1319 1085 1369 Brod.
1096 1324 1124 1368 et
1135 1319 1210 1368 iiarl.
1221 1324 1246 1368 6.
1263 1334 1335 1381 seque
1346 1319 1396 1368 Po·

305 1383 393 1446 lymnia
404 1383 479 1431 codd.
493 1382 571 1442 Aldt;
594 1383 714 1432 Polimniu
727 1384 799 1432 Harl.
814 1389 837 1432 l.
849 1389 873 1433 S.
883 1389 908 1432 S·
919 1390 944 1433 b.
956 1389 980 1433 li·
1005 1385 1145 1446 Polymaeio
1156 1384 1180 1430 in
1192 1384 1255 1432 Vet.
1266 1383 1397 1432 cumbet

306 1445 379 1506 aliis;
397 1447 441 1496 ssd
457 1447 588 1510 Sosipater
605 1455 632 1496 et
651 1448 819 1510 antiquissimi
830 1449 924 1498 Bland.
941 1447 1175 1511 Polymnum—85
1194 1447 1255 1496 Duo
1265 1447 1359 1496 Bland.
1368 1452 1397 1495 et

793 1603 901 1655 NOTAE

304 1697 337 1747 atl
345 1711 416 1746 mare
423 1696 599 1748 descendente
606 1699 743 1762 Sylla,non
751 1701 828 1762 longe
868 1699 967 1749 ossibna
989 1714 1102 1760 crurum,
1118 1714 1164 1748 aen
1180 1700 1300 1749 tibiarum
1317 1701 1397 1764 gruis,

301 1773 466 1835 'Dyrrhachio
485 1763 621 1838 vicinaque
638 1773 787 1836 Apollonia,
802 1790 829 1822 a·
868 1775 949 1835 cerri,
959 1777 1010 1823 dre.
1022 1773 1118 1822 ethinc
1128 1787 1230 1823 nomen.
1249 1774 1324 1823 -vute
1334 1777 1397 1824 Sca·

303 1848 356 1911 pud
380 1849 550 1912 Nympltaenm
574 1864 675 1899 sacrum
701 1850 828 1914 quendam
867 1849 942 1910 liger.
960 1848 1062 1920 Poetic.
1079 1862 1099 1897 ι.
1111 1851 1151 1896 2⁰.
1177 1847 1260 1896 Porro
1271 1848 1397 1913 Euterpe,

300 1923 395 1984 locum,
407 1925 473 1972 colle
482 1924 574 1973 virenti
586 1939 617 1973 ac
627 1925 716 1973 rivulis
728 1939 828 1973 ommno
868 1925 1000 1972 Mnsarnm
1012 1938 1071 1986 nna,
1084 1922 1204 1971 tibiarum
1215 1923 1345 1973 inventrix
1357 1925 1398 1973 di·

301 1999 534 2048 obdormiscentern
569 2000 698 2060 Satyrum,
727 2001 828 2062 qualern
868 1997 943 2058 citur,
954 2012 1046 2047 nomen
1063 2003 1149 2046 autem
1167 1999 1397 2048 sortitaaeantus

301 2073 392 2122 Poiitre
406 2075 573 2136 Pictamque
582 2072 828 2137 effingunt,captum
867 2074 995 2122 enaritate
1005 2078 1033 2121 et
1044 2087 1059 2120 a
1069 2073 1236 2122 delectando:
1253 2071 1288 2134 ed,
1298 2073 1398 2136 beae‚et

300 2147 398 2198 fuisses
418 2149 461 2210 qni
472 2149 612 2211 perductus
629 2149 660 2199 ad
672 2149 768 2212 Syllam
781 2162 829 2212 per
866 2143 970 2210 τέρπειν,
987 2150 1111 2197 delectare.
1135 2148 1232 2198 Auson.
1253 2149 1342 2214 Eclog.
1363 2151 1397 2200 de

289 2225 384 2273 ‘varios
403 2225 559 2286 interpretes
576 2223 829 2288 interrogatusqne
868 2223 961 2272 Musis.

300 2308 379 2360 esset,
396 2299 461 2347 nihil
473 2298 541 2362 qnod
559 2299 668 2360 intelligi
681 2310 768 2362 posset
787 2313 828 2346 re·
899 2301 931 2346 ss
949 2297 1116 2361 Polytymta]
1137 2297 1203 2347 Hae
1218 2299 1289 2349 inter
1305 2301 1397 2351 Musas

299 2375 421 2436 spondit;
434 2381 533 2422 tantum
545 2389 634 2422 vocem
646 2389 763 2436 asperam
774 2375 828 2421 bin·
868 2373 895 2421 id
914 2374 1028 2422 muneris
1047 2374 1156 2435 obtinet,
1166 2381 1197 2423 at
1215 2377 1308 2427 multos
1319 2386 1397 2426 canat

299 2452 356 2497 nitu
375 2451 470 2513 equino
488 2456 515 2498 et
535 2450 598 2497 hirci
616 2450 706 2498 balatu
722 2450 827 2498 mixtam
866 2454 984 2515 hymnos,
1000 2453 1163 2518 virorumque
1183 2452 1322 2515 insignium
1340 2456 1398 2504 lau·

299 2524 390 2573 edidit.
422 2525 480 2573 Quo
499 2531 612 2573 astantes
631 2524 738 2587 ipseque
758 2526 829 2587 Sylla
868 2526 1014 2576 dationibus
1036 2529 1132 2591 praesit.
1164 2527 1241 2577 Unde
1261 2542 1354 2579 nomen
1371 2533 1397 2580 ei

300 2599 475 2662 obstupefacti
508 2602 628 2662 Satyrum
665 2600 827 2651 dimiserunt.
867 2601 973 2651 iactum.
1006 2602 1396 2668 ltr,tnqnam,serlt›nntovi‹t.

299 2676 409 2724 Sanctus
426 2680 510 2721 autem
532 2674 704 2735 Hieronymus
721 2674 746 2722 in
766 2676 828 2725 Vita
869 2679 940 2727 Fast.
957 2692 986 2727 v.
1007 2678 1105 2727 Herod.
1122 2679 1166 2727 lib.
1178 2690 1230 2726 ιιι.
1244 2680 1296 2728 drc.
1329 2679 1395 2729 Aliis

299 2750 377 2803 Pauli
401 2748 525 2797 Eremitte
554 2749 653 2809 scribit,
669 2751 828 2811 temporibus
869 2752 1396 2817 Polymneiuarnnltiplicirerumrnemo-

292 2824 461 2873 Constantini
485 2823 565 2871 visunt
590 2824 638 2873 toti
661 2824 826 2873 Alexandriae
868 2830 906 2877 ria
917 2829 1021 2877 dicitnr.

299 2899 394 2963 populo
416 2898 553 2959 Satyrum:
583 2905 710 2959 praterea
737 2908 827 2948 sancto
899 2906 931 2952 Sd
949 2901 1395 2963 Necbeaboamrqssgittestderebar.

298 2970 414 3021 Antonio
424 2970 492 3034 apud
505 2985 616 3019 cremum
629 2971 772 3020 occurrisse
783 2974 827 3021 bo·
868 2975 944 3038 ditm]
969 2978 997 3026 Si
1017 2977 1079 3025 milri
1101 2976 1228 3026 concedat
1245 2976 1394 3028 facultatem

297 3048 457 3099 muncionem
480 3048 585 3097 aduncis
606 3048 720 3109 naribus,
739 3048 826 3098 fronte
867 3052 959 3113 optimi
978 3052 1106 3101 Carminis
1124 3050 1220 3114 Lyrici,
1234 3054 1334 3117 qualern
1350 3055 1395 3103 ba·

297 3123 418 3173 cornibus
430 3136 532 3186 aspera,
547 3123 589 3173 cui
606 3129 722 3171 extri-ma
734 3136 826 3185 corpo·
867 3127 979 3176 buerunt
998 3126 1101 3175 Alenus
1120 3134 1147 3174 et
1162 3126 1267 3189 Sappho
1281 3143 1297 3177 e
1309 3128 1396 3177 Lesbo

298 3202 331 3250 rie
342 3202 368 3251 in
380 3214 515 3264 caprarum
526 3200 606 3263 pedes
615 3200 774 3249 desinerent:
787 3200 825 3247 in·
867 3200 956 3249 insula
967 3200 1078 3258 oriundi,
1089 3200 1122 3249 tie
1133 3200 1225 3264 quibua
1241 3209 1335 3263 postea
1347 3204 1394 3251 ltn-

297 3284 457 3341 terrogatum
475 3289 535 3325 vero
552 3276 609 3339 quis
626 3284 705 3336 esset,
720 3288 824 3337 respon·
861 3274 905 3337 jus
916 3273 973 3323 libri
985 3274 1038 3323 Oti.
1048 3278 1089 3323 82.
1100 3284 1127 3322 et
1137 3287 1169 3322 ιι.
1181 3274 1234 3325 od.
1244 3279 1286 3324 18.

297 3350 383 3399 disse:
406 3348 525 3398 Mortalia
546 3364 593 3408 eqo
609 3364 674 3410 erint,
697 3363 761 3397 unns
791 3364 824 3397 ex
897 3347 1028 3410 Bautae]
1045 3348 1249 3397 instrumentum
1267 3349 1394 3401 musicum

297 3426 376 3476 eremi
398 3424 496 3487 incolis,
517 3439 580 3489 qnos
598 3424 687 3471 delusa
712 3424 824 3473 Gentili-
865 3423 1192 3473 multasbabenacbordas.
1222 3422 1395 3475 Anacreontis

298 3508 338 3549 tea
360 3502 461 3549 Faunos
483 3501 641 3564 Satyrosqne
664 3500 779 3561 appellat
797 3507 825 3547 et
866 3497 998 3547 intentum
1021 3496 1110 3547 facere
1136 3498 1240 3548 ridetur
1261 3500 1394 3563 Horatios,

296 3574 368 3623 colit.
866 3572 919 3623 0d.
929 3576 971 3623 ⁸².
982 3580 1010 3623 et
1018 3588 1089 3639 seqq.

328 3654 361 3699 ⁸⁸2
384 3648 511 3700 &oemunt
530 3648 624 3713 populo]
651 3650 735 3710 Supra
756 3649 825 3711 vulgi
897 3652 929 3698 Sil
943 3650 1159 3714 andaimedsc]
1170 3652 1196 3700 Si
1208 3658 1289 3707 tuum.
1301 3665 1316 3700 o
1327 3651 1393 3700 Mar·

295 3724 416 3773 humilem
426 3724 623 3787 imperitumque
635 3724 736 3771 turbam
749 3726 825 3771 attol·
866 3738 952 3779 cenas,
969 3726 1078 3776 accedat
1093 3728 1152 3775 milri
1163 3728 1301 3791 judicium,
1319 3730 1393 3791 sique

296 3803 363 3866 lunt,
374 3818 405 3852 ac
423 3804 493 3859 velut
509 3817 608 3851 sacrum
629 3818 644 3850 a
661 3800 770 3863 proiano
787 3817 826 3849 se·
865 3812 906 3847 me
924 3802 1073 3861 pronunties
1090 3802 1157 3851 inter
1176 3802 1271 3852 Poitaa
1286 3803 1393 3863 Lyricoa

297 3888 416 3941 pergant.
434 3890 476 3925 ιιι.
492 3876 545 3926 Od.
558 3882 580 3925 l.
600 3878 672 3926 ‘Odi
691 3876 825 3939 profanum
865 3873 970 3937 dignum
983 3880 1124 3938 recenseri,
1140 3884 1193 3926 tum
1211 3892 1252 3927 me
1268 3876 1326 3927 Diis
1345 3890 1392 3938 pa·

296 3953 388 4014 vulgus
399 3957 427 4001 et
438 3950 531 4000 arceo!
864 3964 918 3999 rem
929 3951 1090 4002 existimabo.

329 4024 359 4073 Si
369 4040 441 4088 aeque
458 4024 530 4073 tibiae
546 4024 648 4088 Euterpe
660 4026 760 4081 colibet,
770 4026 825 4089 qa]
895 4025 1001 4089 Meis]
1017 4026 1094 4091 Apud
1106 4028 1212 4077 Graeca
1223 4040 1314 4077 norem
1326 4024 1394 4077 Pnd-

298 4098 326 4149 st
338 4099 414 4149 modo
427 4100 486 4148 milti
498 4114 568 4148 sunm
580 4114 654 4163 opem
667 4116 715 4149 non
728 4108 825 4165 negent
864 4106 900 4150 ta
913 4103 998 4165 Lyrici
1010 4104 1185 4163 celebrantur,
1196 4102 1334 4165 Pindarus,
1346 4102 1391 4150 nt·

298 4174 390 4225 Musa.
421 4174 503 4224 Tibia
525 4174 623 4238 pridem
644 4176 771 4227 conlectae
791 4192 825 4226 ex
863 4190 942 4233 cena,
961 4178 1075 4241 Sappho,
1092 4178 1266 4241 Stesichorus,
1286 4178 1392 4242 ibycus,
