3175 4900
278 389 349 491 ,²⁴⁶
725 401 926 455 axcunsus

278 549 350 599 idees
360 547 520 611 singolieras.
553 547 625 598 C'est
636 547 782 610 dommsge,
802 548 887 610 quale
899 547 985 596 Posito
997 547 1035 596 aii
1046 561 1078 596 eu
1091 545 1179 597 besola
1191 548 1224 597 de
1235 563 1264 598 ce
1275 563 1376 600 correc-

280 629 332 679 tis!
364 629 435 678 Male
446 629 508 678 boel
528 628 598 677 Vera
614 626 682 676 ratio
693 632 743 688 eat,
753 625 823 689 quod
835 626 992 676 Necessitati
1005 639 1055 674 uon
1067 626 1189 675 convenit
1201 627 1259 678 talis
1270 642 1379 692 appara·

279 718 320 759 tna
339 708 485 768 carnificir5
501 707 556 772 qni,
571 708 594 756 si
603 707 724 756 'Horatio
745 705 865 754 Nemesis
883 713 930 755 aut
942 705 994 756 Ate
1005 703 1098 754 fuisset
1109 707 1287 771 exprimenda,
1302 709 1328 758 in
1343 723 1376 758 ea

277 803 329 839 nou
340 790 422 837 solum
432 786 555 836 serendus
566 795 646 848 esset,
655 785 701 835 aod
711 785 791 834 etiarn
799 783 961 848 magnificam
974 785 1058 835 ideam
1070 784 1211 847 praeberet.
1233 789 1307 838 inne
1318 785 1375 851 ipsc

172 859 180 872 '
278 869 358 918 stiam
374 867 535 916 sanationum
552 866 690 916 delicatum
707 865 835 913 bonriuern
855 871 884 914 et
900 865 1061 914 reniastulurn
1082 877 1141 913 cum
1158 865 1373 928 Klotziossectt.

278 948 377 997 Venus.
390 962 416 1010 p.
427 944 499 1009 att.)
515 959 644 1008 vocarem,
662 945 705 1007 qui
722 938 899 992 offenderetur
917 944 962 992 illa
980 944 1101 1004 imagine.
1134 943 1288 994 intueantur
1307 946 1375 995 euim

278 1028 387 1077 studiosi
399 1027 469 1077 aren
480 1026 681 1086 Rsmleriauam,
691 1024 777 1074 Carnu.
791 1038 861 1074 xxv.
873 1029 930 1074 o-tl.

309 1107 368 1158 iam
380 1106 413 1155 tle
423 1107 544 1155 universo
554 1107 611 1155 loco
623 1112 712 1154 nostro
723 1105 851 1168 quomodo
866 1104 1035 1167 judicandum
1053 1105 1097 1165 sit,
1114 1117 1263 1154 moneamus
1276 1104 1377 1154 ariolos⁴

277 1193 378 1236 centes.
404 1185 531 1236 Nimirum
544 1185 587 1234 rix
598 1185 646 1234 bac
658 1186 810 1235 Necessitas
822 1185 934 1248 imagine
945 1185 997 1233 nlla
1009 1184 1042 1233 ab
1054 1183 1186 1234 attributis
1197 1184 1325 1247 copiosior
1335 1189 1377 1234 cst

276 1266 303 1314 in
314 1266 432 1315 omnibus
444 1266 555 1329 antiquis
566 1264 667 1328 Poetis,
676 1265 760 1328 iuquit
771 1265 814 1312 ill.
827 1264 945 1326 Lessing.
958 1265 1035 1313 Laoc.
1048 1275 1075 1312 x.
1087 1279 1113 1326 p.
1127 1267 1183 1313 118.
1217 1263 1267 1312 Sed
1279 1265 1376 1327 primus

277 1346 437 1408 Sanadonus,
451 1346 516 1394 recti
528 1344 568 1392 rir
577 1344 700 1406 acutique
706 1342 809 1405 judicii,
826 1357 902 1391 anana
913 1351 953 1392 ert
965 1343 1060 1404 disere,
1071 1343 1138 1392 banc
1148 1343 1228 1406 ipsam
1240 1345 1374 1407 imaginem

278 1424 449 1488 pulchriorem
468 1423 525 1474 iore
543 1425 569 1472 in
587 1423 677 1472 tabula
696 1424 775 1486 picta,
793 1437 869 1487 qnam
887 1423 913 1471 in
925 1430 979 1471 tant
991 1421 1126 1486 magnifico
1141 1423 1272 1472 carmine:
1289 1424 1375 1474 ‘J'uss

278 1505 345 1564 (lire,
356 1519 406 1568 que
417 1519 450 1553 ce
460 1504 563 1554 tablean
575 1505 629 1567 pris
640 1499 705 1552 daos
716 1504 741 1551 le
753 1501 833 1551 detail
844 1502 924 1552 seroit
934 1504 992 1566 plus
1002 1501 1066 1551 beau
1076 1517 1120 1550 sur
1130 1503 1156 1550 la
1166 1503 1238 1563 toile,
1249 1517 1299 1566 que
1310 1503 1375 1552 dans

278 1595 329 1632 une
341 1582 400 1632 Ode
412 1583 554 1647 beroique!
598 1584 672 1632 Bene
688 1583 746 1644 boc,
764 1592 792 1632 ut
806 1583 948 1632 ridebimus
957 1599 967 1644 ;1
981 1581 1026 1632 sed
1044 1597 1094 1632 noa
1113 1582 1188 1632 addit
1199 1596 1286 1632 reram
1297 1584 1376 1631 ratio·

278 1677 348 1726 nem,
363 1663 422 1710 dnrn
436 1664 497 1710 illud
511 1664 543 1710 de
553 1669 681 1725 apparato
692 1663 822 1711 carnificis
833 1663 950 1726 subjicit,
966 1663 1036 1726 qnod
1056 1677 1134 1725 snpra
1152 1663 1289 1725 posuimus.
1325 1663 1376 1712 Ex·

278 1742 405 1791 celieuter
416 1742 500 1803 potins
511 1741 555 1790 Ill.
572 1742 687 1804 Lessing.
700 1743 717 1791 l.
730 1743 746 1790 l.
758 1741 817 1790 ideo
829 1741 965 1805 elegantiae
978 1756 1080 1792 sensnm
1092 1741 1188 1791 offendi
1206 1743 1253 1792 bac
1265 1743 1376 1806 imagine

276 1822 326 1875 ait,
338 1821 537 1884 primumquod
551 1821 625 1870 nimis
637 1823 769 1870 crintulata
785 1822 835 1870 sint
855 1822 992 1884 attributa,
1007 1822 1081 1870 unica
1097 1823 1266 1886 ejusdemque
1277 1823 1315 1871 rei
1326 1823 1376 1885 sig·

277 1899 413 1950 nificaudn
431 1915 523 1960 cansa3
542 1899 646 1963 deinde,
664 1900 733 1964 qood
751 1900 837 1950 omnia
857 1901 984 1950 attribuis
996 1901 1057 1950 talia
1069 1903 1173 1964 proprie
1185 1901 1315 1952 destinata
1325 1903 1377 1950 siut

278 1980 368 2040 oculis,
384 1995 435 2031 noo
454 1980 568 2043 naribos,
583 1988 612 2031 et
628 1980 666 2029 sic
682 1981 791 2030 multum
805 1981 867 2029 lucia
880 1990 907 2030 ct
918 1979 1044 2030 claritatis
1062 1980 1234 2032 describendo
1246 1983 1375 2032 amittant.

277 2061 346 2110 Nam
362 2075 420 2110 cum
437 2061 503 2109 idere
521 2061 659 2110 abstractae
678 2073 789 2122 persona
810 2061 959 2115 induuntur,
976 2061 1101 2112 artificem
1121 2061 1236 2126 quidem,
1254 2062 1297 2126 qui
1316 2061 1375 2110 aolia

279 2141 360 2190 oculis
372 2141 436 2190 tales
456 2140 553 2203 figuras
572 2141 699 2203 subjicere
719 2148 815 2203 potest,
832 2147 937 2203 oportet
948 2142 1075 2191 attributa
1086 2141 1228 2205 allegorica
1239 2143 1290 2191 illis
1302 2139 1376 2191 affin·

277 2235 350 2284 gere,
366 2235 382 2270 e
401 2221 493 2284 quibus
509 2229 683 2284 agnoscantur
694 2222 766 2284 (nc.
778 2221 968 2283 Temperantia
980 2221 1097 2281 fraennm,
1109 2222 1267 2271 Constantina
1279 2224 1375 2271 colum·

277 2299 365 2364 uam)r
383 2299 430 2349 aed
443 2301 536 2364 Poie'ta,
555 2315 606 2350 noo
618 2302 644 2349 iu
656 2299 747 2349 eadem
759 2300 915 2350 necessitate
928 2300 1094 2354 constitutus,
1106 2299 1195 2349 vitium
1208 2301 1232 2348 in
1245 2316 1273 2350 ae
1284 2301 1375 2350 admit·

277 2381 321 2442 tit,
330 2380 352 2428 si
365 2379 498 2428 attributis
510 2379 604 2429 talibna
616 2375 808 2442 enumerandis,
819 2393 866 2428 uec
879 2379 965 2441 potins
976 2381 1087 2442 actione,
1099 2379 1174 2429 telem
1187 2379 1294 2444 ligoram
1307 2396 1374 2445 sym·

277 2459 388 2509 beticam
401 2459 524 2508 declarat.
558 2459 617 2509 vta.
628 2458 669 2508 lll.
680 2460 798 2522 Lessing.
811 2461 827 2508 l.
839 2460 857 2507 l.
869 2474 895 2521 p.
907 2464 963 2509 llo.
1200 2455 1204 2461 ’

310 2537 386 2590 Quod
399 2552 450 2601 quo
462 2538 606 2586 accuratius
619 2538 651 2586 nti
664 2538 834 2588 Horatisuam
848 2538 1016 2588 Necessitatia
1031 2535 1167 2603 imaginem
1179 2540 1305 2604 applicari
1317 2556 1376 2605 pos·

278 2618 323 2678 sit,
340 2616 526 2666 observandum
538 2624 589 2679 est,
601 2617 669 2683 qnod
680 2624 708 2665 et
718 2618 745 2665 in
757 2616 833 2667 oasa
847 2619 902 2681 jaro
923 2620 1075 2679 monuimus,
1087 2634 1102 2668 e
1114 2620 1215 2683 pictura
1225 2620 1375 2685 symbolica,

278 2710 337 2761 qun
349 2697 375 2744 in
387 2697 486 2757 templo
498 2696 619 2745 Fortunae
632 2696 747 2745 Antiatis
758 2705 837 2757 esset,
853 2713 908 2747 earu
920 2698 988 2747 baud
999 2699 1077 2748 dubie
1089 2715 1103 2748 a
1115 2700 1199 2751 Poe'ta
1207 2716 1262 2750 esse
1271 2717 1375 2765 expres·

278 2790 342 2825 sam.
375 2776 450 2826 Orrod
462 2776 523 2825 licet
533 2776 566 2824 ad
577 2776 754 2826 excusandum
766 2778 904 2827 Horatium
917 2780 1002 2828 valere
1021 2781 1111 2844 possit,
1127 2795 1202 2844 quem
1219 2783 1374 2844 oportuerit,

278 2862 308 2903 ut
319 2853 479 2903 individuum
491 2854 623 2917 Hymnnna
635 2854 760 2918 efficeret,
776 2857 812 2906 ita
825 2872 877 2907 rem
889 2859 1033 2914 instituere,
1051 2866 1078 2909 et
1091 2861 1171 2909 veluti
1184 2862 1291 2911 aiucnlis
1303 2864 1374 2925 ioge-

277 2934 347 2982 nium
365 2933 527 2997 astringerer
544 2935 607 2983 licet
625 2938 665 2984 vel
683 2932 926 2987 bactenns'landem
945 2946 1085 2999 mercatur,
1102 2938 1170 3001 quod
1188 2946 1241 2989 tam
1260 2941 1372 2992 nobilem

278 3014 391 3063 tabulam
403 3016 596 3065 consecraverit
606 3024 711 3065 aeterum
723 3018 869 3078 memorie;
888 3026 972 3083 tamen
991 3020 1016 3067 in
1037 3033 1068 3067 eo
1086 3019 1312 3081 reprehendendus
1323 3030 1374 3085 est,

277 3094 345 3158 qood
356 3106 407 3142 nou
418 3093 469 3143 alio
480 3093 558 3143 modo
568 3108 625 3143 eam
637 3096 775 3157 expressit.
811 3096 935 3146 Piuxerat
946 3096 1042 3147 artilex
1057 3098 1255 3162 Necessitatem,
1271 3108 1373 3163 gestan-

278 3181 331 3222 tem
344 3185 393 3221 una
404 3186 481 3221 mauu
492 3174 619 3223 cisami
629 3188 737 3238 masam,
748 3176 834 3224 altera
842 3190 927 3229 uacant
946 3184 974 3227 et
984 3177 1099 3239 Nesidem
1108 3178 1247 3239 pleniluni
1280 3182 1374 3230 Claris-

277 3252 342 3301 sima
353 3267 416 3301 sana
426 3260 491 3312 erat,
503 3252 658 3302 viridissima
669 3252 759 3303 eadem
772 3268 805 3303 ac
817 3255 987 3317 pulcherrima
998 3256 1139 3320 allegoria,
1150 3272 1207 3307 cum
1220 3261 1302 3309 ocrrlis
1313 3262 1373 3312 sub·

272 3331 420 3395 jiceretur3
437 3346 495 3381 uarn
507 3346 591 3395 neque
602 3340 706 3396 poterat
716 3334 794 3383 aliter
805 3334 911 3395 artifex,
928 3344 956 3385 et
967 3350 1023 3385 cum
1036 3351 1087 3386 uno
1101 3338 1192 3387 obtutu
1204 3340 1288 3389 omnia
1299 3342 1373 3391 attri-

277 3410 341 3459 buta
359 3411 433 3457 simul
453 3418 631 3473 cernerentur,
646 3411 734 3461 oculos
754 3412 918 3477 animumque
930 3430 1029 3465 sumina
1039 3416 1063 3465 vi
1079 3415 1216 3467 tenebant.
1247 3420 1299 3469 Seri
1312 3420 1373 3471 dum

276 3488 402 3539 Horatius
414 3504 466 3538 nou
478 3491 527 3538 uisi
536 3497 669 3539 enumerat
680 3506 711 3540 ea
722 3492 859 3548 attributa,
870 3506 997 3559 unumque
1009 3502 1068 3556 post
1080 3496 1189 3546 alterum
1201 3498 1275 3548 uobis
1287 3509 1373 3551 osten·

275 3566 324 3621 dit,
341 3567 467 3630 frigerent
485 3585 556 3630 sane,
573 3578 600 3619 et
618 3576 680 3619 ante
700 3572 814 3621 tabularu
832 3574 892 3622 vitas
911 3582 1046 3636 expertem
1058 3575 1131 3624 uobis
1142 3584 1220 3639 stare,
1237 3593 1268 3628 ac
1279 3594 1312 3629 ne
1323 3582 1373 3630 boc

277 3646 391 3710 quidem,
408 3648 454 3697 sed
473 3648 620 3712 fragmenta
632 3651 725 3699 tabule
737 3651 833 3701 intueri
845 3652 918 3702 uobis
929 3654 1057 3717 videmur,
1074 3655 1142 3704 unde
1155 3658 1292 3719 imaginem
1303 3674 1374 3709 coru-

276 3740 374 3789 ponere
386 3727 458 3776 nobis
470 3730 534 3792 ipsit
546 3730 664 3779 relictum
676 3732 720 3781 sit.
749 3731 826 3783 Quod
837 3748 899 3781 sane
909 3748 983 3783 neruo
995 3737 1059 3798 vult,
1069 3736 1129 3785 dum
1142 3737 1251 3787 Carmen
1263 3740 1371 3803 lyricum

276 3807 349 3869 legit.
382 3808 530 3871 Oportebat
543 3809 732 3859 Necessitatem
744 3810 851 3874 ejusque
863 3814 924 3874 vina,
939 3828 954 3861 a
976 3814 1057 3863 Poita
1076 3830 1233 3879 expressam,
1245 3818 1333 3869 vivere
1344 3828 1373 3870 et

277 3901 364 3950 agere,
375 3888 527 3950 participem
539 3902 596 3938 esse
608 3890 727 3953 actionis,
738 3906 797 3955 qun
809 3892 835 3941 iu
848 3893 967 3943 Carmiuo
980 3902 1069 3957 regnat
1079 3910 1087 3955 3
1098 3896 1236 3957 oportebat
1246 3898 1372 3949 lectorem

310 4140 321 4183 t
338 4134 389 4183 Sed
401 4135 529 4200 quomoda
541 4135 612 4200 pingi
625 4139 709 4200 potolt
721 4140 837 4204 liparim
847 4140 980 4203 pinntbnmt
1004 4140 1112 4191 Scilicet
1123 4144 1163 4191 rel
1176 4144 1278 4195 vascrrlo
1290 4148 1371 4195 certas

277 4212 384 4276 alicujus
396 4214 484 4278 ligura
497 4216 523 4265 id
535 4216 688 4279 significare,
705 4221 747 4269 vel
758 4220 862 4269 metallo
873 4221 1017 4285 exprimere
1028 4223 1113 4286 potuit
1124 4224 1216 4288 pictor.
