3175 4900
647 397 682 456 o.
705 392 863 442 ιιοιιιιτιι
890 376 1021 439 rnaodt

464 543 497 609 N
498 563 541 607 mr
555 540 749 623 auspicatos
763 536 915 602 contudit
928 536 1075 617 impetus

505 642 662 718 Nostros,
674 648 711 705 et
722 638 889 722 adjecisse
902 631 1054 719 praedum

445 754 452 767 '
548 742 740 825 'l'orquibus
754 738 885 821 exiguis
900 735 1040 801 renidet.

465 845 568 909 Paene
582 846 781 925 occupatam
797 837 1015 901 seditionibus

293 1046 363 1094 ursei
372 1050 440 1106 sture
450 1043 534 1091 itera·
546 1041 662 1090 usnam
676 1044 700 1088 st
714 1037 800 1086 Paesrs'
810 1037 928 1087 mettas
938 1036 1023 1099 repulit
1040 1041 1131 1085 nostras
1146 1040 1242 1087 umus
1252 1035 1386 1099 ἰιιιιιρίιιι-

296 1116 345 1158 tesr
360 1110 495 1171 gemetqae
509 1110 590 1155 asstrs
604 1102 680 1167 spatis
694 1102 813 1151 Midiae
832 1100 952 1165 torquibus
967 1100 1017 1149 sais
1026 1100 1164 1151 mauritta
1197 1100 1326 1149 ctutum
1337 1100 1386 1151 dia·

750 1259 930 1281 §onumen

297 1358 379 1409 catu.
390 1374 431 1423 ap.
442 1359 519 1411 eund.
532 1359 647 1419 rubri,
662 1365 691 1407 et
702 1358 862 1408 Peru-ro
879 1358 1041 1421 Inuuspr'cutos
1058 1354 1132 1405 Harl.
1143 1360 1167 1405 2.
1187 1356 1290 1420 quidum
1308 1354 1386 1405 codd.

296 1423 423 1485 Lambini,
433 1424 516 1487 lipsa.
527 1427 552 1472 l.
562 1426 587 1473 l.
600 1428 627 1471 et
639 1422 713 1472 (lott.
723 1428 752 1471 et
763 1422 801 1470 sie
813 1421 892 1471 etiam
904 1422 1009 1471 canter.
1021 1420 1090 1470 Nar.
1103 1420 1176 1470 bert.
1188 1434 1213 1469 ι.
1223 1424 1262 1469 2⁰.
1274 1420 1389 1469 Messon.

296 1488 353 1536 vit.
365 1486 430 1537 lior.
449 1500 475 1548 p.
494 1491 550 1536 194.
567 1494 595 1534 et
612 1486 717 1535 Vascos.
751 1486 808 1533 Nos
828 1487 958 1549 empturus
976 1484 1052 1533 Harl.
1064 1488 1088 1533 1.
1099 1487 1158 1533 Μ.
1170 1486 1229 1532 nd.
1246 1483 1322 1533 Gerr.
1340 1497 1389 1545 pro

296 1566 322 1600 ι.
334 1551 353 1598 Ι.
362 1550 443 1598 ceteri
454 1550 529 1599 codd.
540 1547 628 1598 Zarot.
640 1550 747 1597 Vanett.
756 1548 864 1597 Mediol.
876 1546 956 1597 Aldd.
967 1551 1080 1597 tre-ll
1100 1548 1198 1595 Nsrtris
1217 1547 1343 1596 Priscian.
1361 1560 1388 1607 p.

297 1617 355 1662 sal.
391 1625 517 1676 tauquam
539 1612 575 1659 ibi
588 1613 689 1660 variant
699 1610 775 1661 codd.
807 1610 860 1660 Sed
877 1611 1014 1661 admodum
1033 1612 1121 1675 planet
1139 1610 1268 1671 Bentleio,
1283 1610 1390 1671 Nostris,

296 1676 323 1725 b.
333 1690 357 1725 e.
370 1628 502 1731 Romanis,
512 1677 620 1725 contudit
630 1676 739 1738 isspstas,
747 1675 817 1738 quod
830 1676 913 1724 minus
925 1676 1030 1739 vulgare
1042 1676 1094 1735 ult;
1111 1680 1138 1723 et
1149 1674 1238 1724 laudat
1248 1688 1280 1723 ιι.
1294 1674 1349 1723 Sat.
1360 1678 1387 1723 7.

298 1743 339 1791 ts.
373 1738 408 1787 Αι
419 1740 510 1788 mellus
522 1739 600 1787 etlam
620 1739 656 1786 itii
674 1738 777 1786 videtur
794 1738 948 1789 Nostrorum.
982 1739 1109 1803 lienique,
1124 1737 1232 1801 inpetus,
1247 1738 1348 1787 Nostros
1364 1744 1389 1787 st

297 1801 347 1867 (se.
358 1799 477 1866 torques)
488 1801 660 1864 ademta
675 1800 975 1865 distingunutdubader.
995 1802 1028 1851 de
1046 1802 1172 1866 Torquib.
1191 1816 1217 1865 p.
1231 1804 1273 1852 tt.
1293 1811 1320 1850 et
1337 1800 1389 1851 cu·

792 1950 899 2002 NO'l'AE

299 2075 375 2126 quem
396 2067 483 2111 tamen
498 2062 574 2126 paulo
595 2068 657 2125 post
679 2060 826 2124 Ventidius,
866 2061 934 2111 flor.
947 2076 988 2111 ιιι.
1001 2067 1041 2113 ll.
1059 2069 1086 2111 et
1104 2076 1162 2127 qum
1180 2061 1303 2113 annotari
1314 2077 1391 2127 supe·

300 2138 406 2187 Antonii
422 2138 532 2201 legatus,
543 2138 741 2202 universamque
751 2138 825 2186 simul
867 2138 928 2185 riori
940 2136 1009 2198 Ode,
1021 2152 1059 2185 ιι.
1071 2144 1094 2189 ⁵.

299 2212 456 2262 Parthorum
478 2227 581 2262 manum
604 2212 712 2269 delerit,
736 2224 765 2262 ut
789 2212 827 2261 ait
899 2214 929 2259 ll
949 2212 982 2259 Et
1003 2212 1115 2272 adiectae
1133 2212 1239 2276 proedms
1262 2211 1392 2275 lbrqsibas

298 2285 395 2337 lustin.
407 2286 451 2336 tib·
463 2300 533 2337 anu.
565 2287 634 2337 Vide
646 2294 673 2337 et
684 2287 762 2336 Dion.
781 2287 827 2338 lib.
866 2285 962 2348 enigais
970 2286 1073 2349 renidet]
1088 2288 1111 2336 E
1126 2288 1215 2351 spoliis
1230 2288 1333 2349 nostris,
1346 2287 1396 2335 de-·

299 2372 401 2410 aarum.
419 2367 448 2410 et
466 2374 544 2411 xnrx.
577 2361 635 2410 ιιι.
652 2360 698 2410 tib.
715 2373 825 2411 cxxru.
867 2368 1003 2425 tractoque
1020 2361 1093 2411 nobis
1111 2376 1173 2411 auro
1190 2374 1285 2411 suxere
1302 2361 1392 2411 Parthi

299 2435 370 2486 Fiur.
381 2450 421 2488 tv.
433 2440 459 2486 9.
470 2444 499 2486 et
509 2440 550 2486 lo.
561 2439 611 2487 dre.
866 2451 925 2486 suos
939 2442 1052 2501 torques,
1064 2438 1225 2503 majoresque
1241 2436 1327 2488 seuere
1338 2452 1393 2500 eos,

334 2516 364 2562 ld
377 2514 433 2562 Nos
443 2513 585 2577 amplastra]
598 2513 652 2562 Cic.
662 2512 696 2562 de
709 2513 797 2564 Diviu.
806 2527 827 2562 1.
867 2513 977 2578 quiante
986 2521 1061 2563 erant
1070 2515 1165 2578 exigui.
1190 2514 1393 2579 Torquesuimi-

300 2600 327 2637 n.
338 2591 380 2636 28.
397 2587 488 2637 ‘Nihil
508 2587 564 2638 fere
579 2587 708 2652 quondam
724 2589 826 2652 majoris
867 2603 923 2638 rum
934 2588 994 2638 ouili
1005 2595 1239 2640 erantoruaureuta
1249 2602 1294 2638 seo
1304 2602 1392 2653 aurea,

300 2662 349 2722 rei,
366 2661 416 2710 nisi
428 2662 575 2725 auspicato,
589 2675 622 2710 ue
639 2662 761 2724 privatim
771 2663 827 2727 qui·
867 2678 913 2712 seu
924 2671 1056 2726 argentea,
1075 2663 1106 2712 iis
1121 2663 1198 2712 etiam
1215 2663 1241 2712 iu
1258 2663 1394 2726 praemium

301 2733 361 2784 dens
382 2735 537 2798 gerebatur:
564 2737 633 2801 quod
655 2737 733 2785 etiam
759 2751 828 2787 nune
867 2739 923 2788 dari
935 2739 1011 2788 solita
1023 2739 1065 2802 qni
1077 2746 1208 2789 strenuam
1218 2737 1244 2788 iu
1254 2739 1321 2788 bello
1330 2753 1394 2802 ope·

301 2810 450 2872 nuptiarum
470 2811 589 2874 auspices
608 2810 760 2875 declarant:
776 2816 827 2863 dre.
867 2828 921 2862 ram
932 2822 1067 2864 narrarunt.
1098 2813 1148 2862 llis
1163 2812 1304 2876 insignibus
1318 2826 1393 2862 urna·

301 2884 354 2934 Ubi
362 2886 449 2936 multis
455 2889 579 2952 exemplis
588 2888 759 2952 auspiciorum
767 2903 828 2939 non·
867 2888 932 2938 baut
941 2904 969 2939 se
979 2889 1080 2952 pridem
1091 2887 1189 2951 Parthi,
1198 2886 1276 2951 Galli,
1284 2886 1394 2952 aliique;

302 2965 411 3010 temtum
419 2967 464 3028 apt
472 2962 561 3011 vitium
573 2976 722 3026 magnarum
733 2965 828 3026 populu
867 2965 1004 3015 etiamnum
1017 2978 1078 3013 vero
1089 2963 1220 3014 Germani.

301 3033 416 3084 Romano
433 3036 607 3086 calamitatum
628 3035 710 3088 tuisse
725 3052 828 3088 eausam
901 3042 932 3088 ts
950 3037 1063 3100 nouat]
1087 3037 1197 3088 Quidam
1217 3037 1393 3102 interpretan-

301 3111 426 3160 osteudit.
471 3110 570 3164 ‘Quid
594 3111 710 3162 seterai'
736 3113 829 3178 iuquit.
868 3122 921 3175 tur,
944 3111 1080 3178 splendet:
1115 3111 1206 3162 melius
1229 3113 1282 3176 alii,
1304 3113 1393 3176 gestit,

302 3182 360 3232 ‘bl
370 3185 466 3234 Crasso
480 3186 542 3250 quid
559 3186 693 3244 acciderit,
704 3186 829 3249 ridemus,
867 3189 985 3238 letitiam
998 3202 1051 3251 pra
1067 3201 1096 3237 sa
1107 3185 1168 3238 fert·

302 3256 414 3307 dirarum
425 3259 620 3310 obnuntiatione
629 3260 768 3324 neglecta,’
776 3263 827 3312 &n
901 3267 931 3312 lt
942 3263 1015 3314 Patre
1025 3265 1160 3327 motrpstm
1170 3261 1332 3325 aditionibus,
1340 3261 1395 3326 dn]

302 3332 346 3384 De
357 3333 453 3397 Arusp.
465 3335 604 3398 Respeit.
618 3337 626 3363 ⁴
638 3335 753 3398 Majurea
770 3349 827 3384 nus·
869 3337 949 3386 Bellis
969 3336 1087 3386 uirilibus
1105 3334 1257 3385 distractam
1276 3351 1307 3385 ao
1325 3337 1395 3386 laee-

303 3408 337 3456 tri
353 3423 437 3457 rerum
456 3409 522 3458 bene
536 3409 703 3474 gereudsrum
717 3407 827 3458 auctori·
868 3425 922 3462 ram
942 3411 1031 3462 urbem
1050 3419 1078 3459 at
1093 3409 1288 3472 Rempubiionm
1300 3409 1395 3459 Roma·

303 3489 371 3533 tates
382 3484 503 3547 augurio.
513 3517 521 3534 .
531 3483 668 3535 .uouttueri
684 3481 828 3546 putarunt!
868 3501 927 3538 uam
943 3499 1024 3550 prope
1036 3484 1134 3534 delerit
1149 3486 1279 3534 exereitus
1289 3499 1305 3534 a
1316 3485 1395 3536 Dacis

303 3557 371 3606 Vide
381 3559 440 3608 vai.
451 3559 555 3610 lilani.
565 3563 593 3608 t.
608 3567 635 3607 et
651 3573 708 3621 seq.
728 3572 787 3620 cap.
804 3561 829 3607 d.
867 3567 945 3626 atque
971 3557 1132 3621 AEthiopibns
1161 3557 1294 3610 condatur.
1337 3559 1394 3608 Illis

301 3633 309 3660 ‘
319 3633 426 3682 Crassus
436 3632 505 3682 inter
515 3633 677 3696 gravissimas
688 3633 769 3682 nostri
779 3631 829 3680 lut·
868 3648 962 3698 nempe
972 3633 1127 3684 constabant
1139 3640 1276 3684 terrestres
1287 3632 1395 3683 Antonii

302 3706 369 3770 perii
385 3707 502 3769 jacturas
520 3706 700 3770 numerandus,
714 3707 830 3769 plurimis
868 3711 960 3774 eopia,
972 3709 1099 3772 AEgyptiis
1112 3723 1173 3761 vero
1186 3709 1331 3772 Cleopatra
1349 3723 1394 3758 ua·

303 3789 331 3832 et
349 3781 548 3832 evidentissimis
567 3787 627 3831 ante
642 3780 739 3830 ruinam
756 3794 828 3829 mou·
868 3785 938 3836 sales
957 3791 985 3835 et
1002 3783 1145 3833 maritime.
1178 3784 1252 3841 Daci,
1268 3799 1314 3833 seu
1329 3783 1394 3847 Sey·

302 3856 551 3920 auorunpunuus
569 3855 764 3906 ictibus...8ie
781 3855 828 3904 Dii
868 3859 919 3908 tire
935 3859 1043 3921 sagittas
1061 3859 1165 3908 mittere
1183 3859 1270 3922 periti,
1286 3874 1343 3910 cum
1360 3859 1394 3910 ad

303 3930 386 3994 spreti
405 3931 607 3980 extumescunt.
648 3930 691 3979 Sin
717 3929 828 3981 bumana
868 3934 997 3984 Curarem
1006 3934 1394 3999 missislegatisuuuimpetras·

303 4007 410 4056 consilia
428 4006 598 4068 castigantur,
615 4004 657 4053 ubi
672 4018 700 4053 se
717 4005 828 4055 celesti·
868 4015 925 4058 seut
941 4023 999 4072 qum
1017 4008 1149 4072 petebant,
1160 4009 1192 4060 ad
1203 4009 1344 4061 Antonium
1364 4023 1395 4060 se

304 4078 528 4144 bus·praeferuot.'
560 4079 601 4128 De
613 4078 705 4128 Crasso
724 4078 781 4129 ride
800 4085 829 4128 et
868 4088 1061 4134 eonverterunt.
1083 4085 1134 4134 Dio
1146 4085 1189 4134 lib.
1198 4097 1232 4137 u.
1254 4085 1321 4136 Daci
1333 4099 1394 4149 pro·

286 4154 623 4222 opprobrantium
645 4155 829 4208 ornatibus.
868 4157 924 4220 prie
942 4165 1003 4208 aunt
1020 4156 1096 4210 hodie
1112 4159 1207 4210 accola
1219 4159 1332 4212 Danubii
1344 4157 1392 4211 ilu-
