3175 4900
661 359 693 417 Q.
718 355 878 403 nonnum
902 355 1036 439 inacus

433 497 539 577 Quem
555 498 669 560 mortis
684 500 792 560 timuit
806 496 954 578 gradum

477 599 547 677 Qui
561 599 663 663 siccis
678 599 787 663 oculis
800 605 946 662 monstra
959 601 1121 677 demntia,

307 781 338 828 tie
344 792 419 839 gesur
424 776 566 837 formidavit
576 775 618 839 pei
628 774 679 824 siue
690 772 801 836 tucryarie
810 773 905 834 aspexit
912 773 988 835 pisces
995 780 1136 828 mmm
1145 782 1268 840 ...ιαμ
1277 790 1342 825 m
1352 775 1397 822 ε..

757 900 937 922 ΝΜΝΙΙΜ

304 985 428 1034 stmctio:
446 985 504 1034 Quo
520 997 569 1032 non
587 982 685 1032 arbiter
700 981 783 1046 major
794 981 885 1032 toliere
896 980 975 1041 irete,
987 985 1027 1032 rei
1038 997 1145 1046 ponere,
1162 983 1183 1031 si
1202 983 1273 1041 vriit5
1291 982 1395 1045 nequis

304 1049 443 1097 edbibitem
464 1047 537 1095 nobis
556 1047 746 1095 distinctionem
765 1045 923 1094 demiretur:
962 1045 1109 1110 Sceiigerue
1128 1047 1234 1108 legerit:
1256 1059 1396 1107 poserem

303 1114 391 1160 toliere.
426 1111 573 1159 Ridebcum
586 1110 741 1158 Benti.eott.
774 1109 864 1158 Codex
877 1111 1326 1174 Cerr0ep.Crnquinmsretest·-lti
1344 1109 1397 1162 Qui

303 1178 373 1224 rectio
381 1176 453 1223 ocutis
464 1189 497 1222 ex
508 1174 658 1236 conjectura
670 1173 752 1224 edidit
764 1173 852 1223 Beutt.
871 1188 981 1239 eumque
994 1177 1079 1225 secuti
1096 1180 1156 1224 suut
1174 1172 1349 1234 Furstenberg
1366 1182 1397 1221 et

794 1298 901 1349 Note

304 1395 411 1444 Adrtee!
443 1393 521 1458 Atqui
530 1395 699 1457 hypercritico
706 1395 756 1445 Jut.
766 1394 828 1442 sca·
867 1393 944 1442 bodie
964 1394 1040 1442 Sinus
1056 1394 1182 1454 Veneres,
1196 1394 1266 1440 inter
1280 1388 1396 1450 licitene,

302 1473 377 1532 liger,
387 1476 394 1497 ¹
403 1468 545 1530 Anutrum‚’
557 1470 651 1534 inquit,
662 1473 668 1498 ⁸
678 1475 775 1532 prester
786 1484 827 1518 ce·
867 1468 1001 1524 Greciem,
1019 1469 1210 1532 Illyricumque,
1225 1467 1302 1527 iouge
1311 1464 1398 1527 porri·

302 1555 371 1596 teres
390 1551 479 1593 ventos
495 1559 618 1592 summum
635 1545 728 1594 bebere
747 1545 829 1606 impe·
866 1544 936 1606 gitur
946 1543 980 1591 ed
988 1545 1214 1607 septemtrionem.

302 1622 369 1668 rium
381 1620 406 1668 in
417 1633 486 1668 mare
497 1618 656 1667 Adriaticum
670 1619 760 1668 scribit
774 1618 827 1666 tio·
899 1622 930 1666 ii
948 1619 1024 1673 Quen
1032 1611 1321 1677 mortiotimitgredesut]
1331 1611 1397 1663 Qui-

303 1696 400 1743 ratiuet
417 1693 486 1757 qnod
508 1707 564 1741 esse
586 1691 676 1740 fuissem
699 1693 828 1754 intelliget
866 1693 924 1740 dem
936 1699 990 1741 tree
1008 1692 1102 1756 gredue
1117 1692 1206 1741 mortis
1226 1686 1397 1748 efferunt,t'e·

302 1771 416 1834 queisquis
433 1769 498 1818 sciet
517 1767 679 1818 Adriaticum
695 1778 767 1818 recta
784 1783 828 1816 ex·
869 1775 933 1826 tum,
952 1766 1106 1830 genituram,
1122 1779 1226 1815 cesum:
1250 1764 1292 1813 eiii
1304 1762 1396 1812 mortis

303 1859 406 1894 currere
423 1843 449 1892 in
465 1843 628 1904 Vulturnum,
643 1845 716 1908 cujus
729 1847 828 1905 impetu
868 1856 986 1891 necessus
996 1841 1160 1903 intelligunt:
1172 1846 1246 1890 certe
1257 1851 1346 1902 perum
1361 1836 1396 1884 ad

238 1937 240 1942 ¹
302 1920 380 1968 etism
392 1920 486 1968 crescit
497 1917 728 1967 loniosubiurectn
740 1918 829 1966 Adris-
868 1931 932 1966 rem.
967 1917 1065 1966 Nostra
1081 1917 1199 1965 rideatur
1213 1912 1397 1977 interpretatio

303 1993 390 2041 ticum.
424 1993 830 2056 Boreeeuuoquesubjectumest
869 1992 1174 2056 veriorquosirnpiioior.
1205 1987 1397 2038 Verieneusre·

304 2067 348 2131 qui
359 2083 391 2115 ex
410 2069 463 2116 aito
479 2068 590 2130 spiret..
602 2103 623 2115 ..
636 2068 732 2117 Auster
743 2075 829 2116 erstem
870 2082 957 2126 gerum
967 2068 1057 2116 mortis
1063 2082 1167 2128 genere,
1178 2068 1200 2114 si
1210 2066 1292 2120 iubet.
1302 2064 1394 2126 eecipe

302 2157 335 2191 ex
360 2142 498 2192 deteriore
517 2152 590 2205 perte
608 2143 671 2192 flens
693 2145 831 2206 Apennino
869 2141 991 2190 fluetibus
1006 2143 1153 2203 summergi,
1165 2157 1180 2188 e
1192 2140 1305 2204 piscibus
1315 2139 1396 2188 dero-

302 2215 444 2280 frangitur:
463 2218 625 2282 quemobrem
649 2232 697 2266 non
720 2219 832 2279 subruit,
869 2218 931 2276 reri,
943 2216 974 2265 ad
990 2231 1066 2280 rupee
1084 2219 1164 2278 edidi,
1182 2219 1222 2267 vei
1239 2218 1266 2266 in
1277 2216 1397 2278 scopulos

303 2291 349 2340 sed
373 2291 457 2347 radit,'
479 2297 528 2341 dre.
563 2291 598 2340 At
623 2291 777 2342 Parthenius
798 2308 831 2341 ex
871 2290 1012 2339 insulemre
1023 2291 1152 2341 desertam
1162 2293 1232 2355 ejici,
1244 2292 1331 2355 ibique
1343 2303 1398 2339 om·

303 2367 384 2415 Petro
395 2367 503 2414 Medion
513 2367 638 2430 Hirpeno,
650 2369 694 2430 qui
710 2371 745 2416 rei
759 2369 830 2417 Neu·
871 2367 897 2414 ni
915 2379 965 2429 ope
991 2367 1143 2416 destitutum
1166 2366 1350 2416 contabescere
1368 2365 1399 2415 et

303 2441 362 2491 ticae
380 2447 407 2490 et
426 2447 559 2491 ventorum
577 2443 702 2491 rationem
717 2443 830 2493 lucuten·
870 2443 943 2490 mori.
978 2441 1111 2492 Praeteree
1121 2442 1249 2506 contingit
1257 2442 1397 2506 aliquando

303 2526 343 2567 ter
355 2516 528 2579 investigavit,
539 2519 642 2581 egregie
651 2518 761 2568 Poiitem
772 2534 830 2569 nos·
870 2518 1021 2581 derigentes
1032 2525 1188 2582 tempestate
1201 2520 1335 2581 ingruente
1346 2520 1398 2568 die-

304 2600 372 2641 trum
385 2598 473 2640 tuetur
483 2599 510 2639 et
523 2592 653 2641 vindicat:
671 2594 829 2652 ‘Austrum’
871 2593 931 2653 petii
944 2592 975 2641 ad
988 2594 1237 2653 berberesoras‚ubi
1246 2595 1287 2643 rei
1298 2594 1332 2643 eb
1343 2592 1398 2643 An-

302 2664 541 2730 inquit‚‘arbitrum
552 2664 830 2718 Adrioerecteeitiio-
870 2667 1054 2733 tbropopbegie
1071 2670 1237 2732 dilaniuntur,
1256 2670 1296 2719 rei
1314 2670 1398 2719 idetis

303 2743 404 2795 retius.'
435 2744 503 2793 Nem
512 2745 560 2792 etsi
568 2758 618 2793 non
628 2746 729 2795 omuino
737 2747 762 2795 in
777 2748 831 2797 No·
870 2749 1031 2793 mactantur:
1049 2760 1100 2810 quo
1117 2746 1219 2809 quidem
1237 2744 1285 2793 feti
1301 2758 1398 2808 genere

303 2826 358 2867 tum
381 2825 503 2867 excurret
525 2817 688 2868 Adriaticum
703 2834 783 2883 mere,
801 2831 831 2872 ut
870 2822 970 2868 tanturm
981 2832 1033 2869 uon
1048 2820 1159 2869 ebeurnti
1177 2829 1237 2870 eunt
1248 2820 1358 2870 Orestes
1369 2829 1399 2869 et

304 2894 398 2943 scribit
418 2890 544 2956 Scaliger,
566 2894 727 2945 nihilomiuus
744 2899 780 2946 ite
802 2913 831 2948 ee
870 2891 982 2955 Pylfldtt
1007 2894 1076 2957 tpud
1103 2895 1237 2944 Teuticum
1256 2894 1398 2958 regionem·

303 2968 391 3031 babet,
403 2974 492 3017 sitnon
505 2968 586 3016 minus
604 2969 635 3018 eb
648 2970 743 3019 Austro
754 2987 830 3035 quem
870 2967 937 3017 Vide
956 2969 1073 3033 Euripid·
1096 2970 1215 3034 Iphigen.
1238 2970 1264 3018 in
1284 2971 1397 3020 'l'eutitt

303 3044 464 3093 evuiturno
482 3045 562 3106 possit
577 3046 711 3095 concitari.
744 3048 830 3097 Enim·
869 3043 930 3092 item
948 3054 1049 3093 nostres
1068 3044 1397 3095 N0s111.0d.e.es.se

303 3130 365 3169 reto
377 3120 530 3183 principales
549 3121 659 3185 quinque
677 3124 748 3171 senti
765 3124 829 3173 dress
870 3131 913 3167 ees
926 3132 1018 3167 uoces:
1035 3119 1192 3169 ‘Britannos
1202 3119 1347 3184 hospitibus
1358 3119 1397 3171 fe-

303 3202 408 3257 quartos
419 3194 531 3255 babent;
542 3194 593 3257 (ite
604 3197 744 3259 loquuntur
757 3199 829 3247 Neu·
869 3191 929 3241 Μ’
960 3192 1037 3242 ΑΜΕ
1048 3200 1076 3243 θῑ
1086 3195 1230 3255 ῑῐῑῦᾱοῦθῑῐ
1240 3195 1320 3246 θῑὶῑῐθ
1330 3196 1398 3245 ὶΰῗθ·

303 3276 337 3319 tao
349 3278 376 3320 et
388 3277 521 3319 venturum
534 3271 609 3333 periti
619 3270 640 3333 ς)
651 3286 713 3333 ergo
726 3274 829 3321 Vultur·
870 3281 925 3331 ste,
943 3270 1083 3331 pericnlum
1101 3272 1225 3319 moriendi
1240 3272 1281 3320 rel
1297 3271 1340 3321 etti
1354 3272 1396 3320 rei

303 3344 328 3390 ui
339 3350 436 3407 quertre
448 3343 507 3392 duee
519 3352 590 3403 suut,
602 3358 652 3391 sine
663 3344 695 3391 ed
707 3346 829 3395 Subsol..
869 3340 937 3390 fame
949 3342 1096 3393 reflantibus
1105 3346 1277 3395 etcontreriis
1286 3346 1330 3396 die
1338 3360 1399 3395 ren·

302 3432 372 3477 num,
396 3420 479 3467 nitere
506 3417 538 3465 ed
561 3416 684 3465 Austrum
712 3420 828 3483 respicit.
869 3418 1397 3484 tis,nimirumiunerigetionetongiori;

303 3492 386 3540 Porro
397 3492 542 3553 husjusmodi
555 3494 623 3540 renti
636 3493 790 3556 principetes
802 3504 829 3546 et
869 3489 923 3541 sire
935 3506 993 3541 oum
1004 3507 1072 3556 aque
1083 3494 1228 3559 dniciejem
1244 3510 1301 3544 rere
1313 3495 1345 3543 ed
1358 3495 1398 3543 di·

303 3565 398 3627 integri
420 3571 479 3613 octo
499 3564 661 3627 reseruntur;
683 3567 750 3616 intre
766 3586 829 3633 quos
868 3578 983 3616 mensum
996 3567 1158 3619 distribuitur
1175 3568 1397 3630 siticulosis32tre

304 3640 346 3688 eiii
368 3645 428 3688 erint
445 3653 507 3703 quos
525 3641 620 3687 medius
639 3652 740 3700 vocent.
759 3646 828 3695 ‘non
869 3654 926 3689 cum
948 3640 1128 3693 deficientibus
1147 3645 1262 3694 omnibns
1284 3644 1399 3699 ciberiio.

302 3712 420 3777 proiecto
430 3713 496 3776 qrrod
510 3714 598 3762 minori
610 3716 701 3779 spiritu
713 3732 743 3766 ee
753 3719 828 3767 rebe·
869 3715 1044 3778 navigantium
1052 3733 1116 3767 unns
1128 3720 1169 3767 ret
1177 3720 1284 3768 aiiomm
1295 3719 1397 3783 conspi-

303 3790 399 3837 mentie
409 3786 527 3835 ferantur
544 3802 618 3849 utram
637 3790 684 3849 iiii,
703 3790 747 3839 sed
760 3792 829 3854 quod
868 3789 968 3838 retione
986 3792 1028 3840 rei
1044 3802 1114 3842 sorte
1125 3796 1264 3844 eeeumitur
1276 3796 1397 3859 jugulen-

303 3864 424 3912 ineorum
435 3861 519 3910 medio
530 3862 724 3914 describentur!
737 3865 828 3931 itaque
868 3864 924 3927 tius,
933 3875 1042 3929 urgente
1049 3868 1150 3919 scilicet
1159 3878 1275 3919 extreme
1284 3870 1395 3919 necessi·

304 3942 356 3985 tem
378 3938 541 3986 vehementes
558 3952 614 3986 esse
634 3949 738 4004 quartas
752 3956 828 4005 quaem
869 3946 931 4003 tete,
942 3942 1063 3992 alimento
1077 3946 1171 3994 ceteris
1188 3944 1299 3994 futurus.
1317 3945 1394 3996 Quod

305 4012 469 4075 principetur,
498 4012 659 4075 perspicuum
686 4016 728 4066 sit.
762 4016 828 4067 Hire
869 4018 1364 4085 neccogiteripotestabsqueborrore.

303 4087 348 4136 iili·
901 4096 931 4140 18
948 4094 1059 4145 Monstro
1074 4096 1195 4158 sutmtin]
1212 4096 1277 4145 Cete
1287 4097 1395 4159 grandis

335 4160 431 4223 Adria]
441 4160 521 4211 Adria
528 4177 572 4211 seu
582 4162 740 4214 Adriaticum
747 4178 828 4226 mere,
868 4174 897 4216 et
907 4167 1033 4220 immanis.
1064 4170 1185 4221 Juvenal.
1195 4171 1249 4223 Set.
1264 4183 1325 4221 xiv.
1336 4174 1394 4220 2⁸⁸.
