3175 4900
695 415 865 468 HORATH.
973 439 976 442 ’

378 896 428 983 Q.
458 889 729 970 HORATII
764 891 989 974 FLAOCI
1023 893 1177 974 VITA

514 1119 610 1186 PER
632 1119 798 1187 ANNOS
823 1047 1045 1190 DIGESTri.

269 1515 313 1580 U.
338 1515 376 1580 C.
397 1515 498 1582 Varr.
526 1516 601 1582 689.
646 1515 685 1581 1..
710 1516 869 1580 Aurelius
904 1515 1017 1584 Cotta.
1062 1516 1104 1584 L.
1129 1517 1279 1584 Manlius

416 1619 610 1704 Torquatus
624 1617 723 1683 Coss.
766 1619 810 1683 Α.
826 1618 867 1683 6.
882 1619 938 1685 65.
984 1619 1117 1686 Horatii
1132 1622 1166 1686 l.

225 1755 298 1822 Hrs
329 1758 429 1826 Coss.
457 1768 575 1826 natum
596 1779 674 1824 esse
700 1759 892 1838 Horatium,
913 1777 982 1839 non
1011 1759 1119 1826 solnm
1143 1761 1324 1826 Suetonius

224 1867 419 1936 auctorest,
439 1863 498 1925 sed
522 1863 596 1944 ipse
619 1863 721 1926 etiam
745 1859 904 1932 Flaccus,
926 1877 983 1927 ιιι.
1006 1859 1070 1925 0d.
1092 1861 1323 1945 21.1.Ep0o.
1408 1925 1415 1940 s

225 1975 312 2024 xrrr.
337 1961 370 2024 6.
414 1962 635 2028 Decembrem
663 1980 810 2025 mensem
834 1961 910 2044 ipse
933 1961 1037 2026 etiam
1061 1963 1229 2028 natalibus
1252 1964 1324 2029 snis

223 2059 375 2142 assignat
390 2077 416 2127 r.
432 2063 541 2147 Epist.
555 2063 611 2128 20.
626 2072 711 2127 extr.
726 2062 886 2146 illiusque
900 2063 990 2128 diem
1014 2079 1066 2126 vr.
1090 2063 1143 2129 Id.
1164 2065 1324 2129 memorat

223 2161 418 2228 Suetonius.

265 2262 404 2329 Generis
427 2266 479 2329 sui
504 2267 744 2330 obscuritatem
769 2285 940 2350 nunqnam
964 2265 1167 2341 dissimulat,
1191 2283 1324 2350 semper

222 2363 311 2428 ultro
326 2365 451 2444 fassus,
476 2383 513 2432 so
536 2386 597 2432 nec
619 2367 779 2451 ingenuo,
802 2387 865 2432 nec
887 2368 979 2432 claro
1000 2373 1118 2432 natnm
1137 2372 1246 2452 pate,
1260 2367 1323 2432 aed

220 2466 387 2549 libertino,
403 2472 472 2535 rita
493 2476 604 2535 temen
629 2477 663 2535 et
687 2479 823 2554 pectore
836 2488 940 2554 pnro;
965 2488 989 2533 r.
1004 2470 1078 2535 Sat
1091 2470 1124 2535 6.
1137 2472 1193 2533 45.
1235 2468 1322 2534 ‘Li-

220 2568 384 2633 bertinos'
400 2579 512 2635 autem
530 2590 572 2636 eo
587 2579 736 2654 tempore
761 2572 853 2635 idem
875 2577 949 2636 erat
961 2590 1005 2636 ac
1019 2575 1031 2605 ‘
1046 2570 1221 2652 iibertns3'
1242 2589 1320 2636 cnm

220 2672 449 2751 superioribus
471 2674 606 2739 saeculis
626 2674 771 2740 libertini
793 2673 984 2737 dicerentur
1005 2670 1067 2736 iiiii
1081 2672 1275 2737 libertorum
1291 2690 1321 2737 s.

219 2774 509 2839 manumissorum.
543 2776 756 2841 Poterethoc
770 2775 902 2839 discere
916 2773 968 2838 cl.
981 2772 1113 2837 Sivrins
1127 2790 1174 2837 ex
1184 2774 1320 2839 Sueten.

219 2870 338 2938 Claud.
353 2876 406 2939 24.
451 2872 542 2941 Hine
561 2876 723 2942 Horatios
739 2896 783 2942 ex
810 2896 881 2942 snm
907 2876 1018 2941 aetntis
1042 2894 1137 2939 more
1155 2876 1321 2957 ingennus

220 2982 306 3051 erat,
322 2994 444 3058 parens
454 2978 529 3061 ejus
550 2996 616 3042 non
636 2979 724 3041 item.
738 2976 784 3040 V.
801 2994 826 3040 r.
840 2976 912 3042 Sat
926 2978 959 3040 6.
974 2974 1007 3039 8.
1022 2984 1059 3039 et
1072 2974 1127 3039 21.
1157 2972 1211 3038 ct.
1225 2974 1320 3039 Mas·

219 3076 294 3138 roni
309 3074 380 3138 vit.
397 3076 484 3140 Hor.
504 3096 537 3158 p.
552 3080 586 3139 4.
602 3096 676 3159 sqq.
719 3078 863 3160 Oportet
886 3084 997 3141 tamen
1023 3076 1195 3152 Flaccum,
1220 3082 1319 3157 patre

214 3172 286 3257 jam
311 3175 465 3241 libertate
485 3178 622 3257 donato,
644 3186 759 3243 natum
784 3194 879 3257 eseeg
901 3176 988 3241 alias
1006 3178 1095 3240 enim
1116 3166 1184 3239 non
1203 3176 1320 3241 inisset

218 3292 395 3358 ingennus.
507 3278 517 3297 ⁸

260 3376 409 3455 Patrem,
424 3376 521 3463 cnjus
535 3398 655 3445 nomen
676 3380 857 3461 ignoratur,
881 3382 1076 3461 postquam,
1098 3380 1138 3439 nt
1155 3373 1319 3459 dicemus,

219 3476 365 3542 Romam
381 3492 603 3555 concesserat,
627 3490 819 3545 coactorem
841 3480 961 3556 tuisse,
987 3485 1122 3541 constat
1135 3483 1171 3541 et
1185 3478 1319 3563 exejus

217 3578 311 3658 Vita,
325 3587 394 3644 ete
411 3596 433 3643 1.
448 3582 518 3645 Sat.
531 3580 565 3645 6.
579 3582 632 3647 Si.
678 3580 720 3645 Id
732 3581 777 3645 ad
793 3580 974 3661 vectigalis
986 3578 1056 3643 iere
1068 3576 1225 3653 referunt,
1238 3596 1316 3662 qnae

117 3718 120 3723 -
218 3680 366 3763 coegerit
386 3701 447 3765 pro
472 3683 674 3765 publicanis.
718 3680 786 3747 Sed
806 3682 874 3746 vid.
898 3681 981 3746 Not.
1000 3686 1014 3715 ⁸
1036 3678 1082 3743 ad
1097 3675 1170 3743 vit.
1192 3676 1319 3745 Horat.

217 3772 652 3859 Salsamentarium'inisse,
674 3787 713 3846 nt
733 3784 766 3846 in
781 3782 864 3847 Vita
889 3782 1009 3846 Horat.
1028 3781 1160 3855 dicitnr,
1173 3777 1319 3842 Torren-

216 3886 285 3949 tius
299 3902 365 3947 non
379 3882 452 3947 vult
467 3882 610 3960 credere,
622 3881 705 3966 quia
719 3882 791 3964 ipse
806 3880 842 3945 id
852 3900 920 3944 non
933 3877 1209 3945 commemorarit.
1245 3877 1319 3945 Sed

217 3984 282 4049 hec
304 3988 393 4049 certe
415 3982 592 4048 infirmum.
635 3982 779 4047 Joannis
803 3981 849 4045 dn
874 3980 996 4044 Hamei
1021 3987 1248 4045 commentum
1274 3980 1318 4045 de

219 4083 354 4151 Horatii
376 4096 473 4168 petre
497 4082 620 4153 Flavio
646 4082 783 4159 Flacco,
806 4078 913 4146 nobili
934 4076 1032 4163 gente
1059 4078 1207 4145 Pontica
1227 4088 1318 4161 orto,

217 4185 279 4263 ita,
294 4193 331 4250 nt
345 4190 498 4265 meretur,
512 4186 654 4269 castiget
670 4182 883 4251 Sanadonns.
