3175 4900
306 381 372 447 254
672 397 706 456 q.
728 394 887 444 norsum
912 395 1045 446 rennui

436 537 517 602 Non
532 537 690 604 indecoro
704 539 841 623 pulvere
856 537 1034 619 sordidos;

480 638 522 704 Et
536 646 657 704 cuncto
672 647 832 706 terrerum
849 641 1003 716 subactu,

522 740 653 808 Praeter
664 747 814 806 atrocem
830 741 977 806 animum
991 741 1143 806 Catonis.

306 908 369 970 ‘iim
377 907 481 969 ΜΝ
491 908 587 971 pubere
596 907 729 971 squalidum
747 919 880 967 omnemque
898 910 1016 955 terrorum
1026 903 1104 954 orbem
1113 903 1235 968 domitum,
1245 909 1341 967 excepto
1353 905 1401 980 cp.

763 1028 944 1052 ΟΜΝΜΝΟ

309 1134 341 1180 2⁸
360 1131 399 1179 Es
409 1135 493 1180 cuncto
503 1130 566 1180 Ver.
576 1125 653 1178 lect.
663 1142 706 1192 sp.
717 1127 873 1177 donee—25
890 1128 956 1175 duee
967 1126 1074 1176 Deorum
1084 1128 1162 1176 Dese.
1173 1131 1199 1177 ἢ.
1216 1128 1326 1190 quicquid
1340 1127 1402 1176 orni·

800 1255 908 1306 Nom

309 1354 425 1419 proelium
441 1354 559 1405 oretione
576 1354 716 1404 ineitsutee
727 1353 835 1402 militum
875 1352 1119 1415 interpretationem
1140 1366 1198 1403 mox
1219 1351 1334 1412 olintum,
1349 1353 1403 1415 peri·

309 1430 407 1480 animos
415 1427 586 1492 virtutemque
593 1434 725 1486 senentes,
738 1428 837 1491 poilici-
874 1441 952 1476 ocrem
969 1428 1070 1490 eccipe,
1085 1427 1110 1475 in
1128 1441 1180 1491 quo
1195 1427 1344 1476 volutentur
1358 1441 1404 1476 oe·

309 1503 343 1552 tis
354 1500 431 1551 etiem
442 1509 471 1551 et
480 1502 695 1553 obtestationibus
706 1503 835 1554 adhibitis.
875 1503 1026 1552 cumbentes
1038 1517 1087 1566 pro
1099 1502 1185 1566 petrin
1196 1509 1223 1551 et
1232 1502 1356 1550 libertate
1366 1501 1403 1550 ci·

308 1578 415 1628 Sueten.
434 1577 489 1628 Jni.
510 1578 607 1627 Cresco.
629 1593 687 1642 cup.
705 1583 746 1631 88.
761 1581 769 1608 ⁴
782 1579 835 1628 Pro
876 1577 955 1629 vium.
987 1577 1223 1628 the1.0d.1.8.
1239 1585 1266 1627 et
1282 1576 1342 1626 Ode
1353 1589 1403 1625 xo.

308 1653 431 1704 concione
440 1651 518 1702 fidem
530 1651 638 1702 miiitum
648 1652 711 1702 dem
719 1668 750 1704 nc
761 1662 836 1705 veste
875 1668 913 1704 rs.
924 1657 965 1703 20.

310 1727 709 1791 spectorediscisseinroeerit.
740 1729 835 1778 Fuisti·
907 1733 940 1778 8⁴
956 1728 1404 1792 Proterctroeemueimmncsttoeir]

309 1803 483 1852 meteretism
499 1810 636 1866 eqoectres
653 1816 746 1852 census
762 1803 835 1866 potii·
877 1803 943 1853 Ceto
963 1802 1032 1868 epod
1052 1803 1157 1854 Uticem
1177 1803 1285 1852 interire
1304 1803 1403 1867 metuit,

310 1882 378 1931 citus
400 1881 517 1944 siugulis,
536 1893 583 1944 per
601 1892 664 1944 qnos
683 1879 835 1942 dignitatem
877 1893 953 1942 quem
967 1879 1078 1928 hostium
1096 1878 1197 1942 petrin,
1211 1877 1255 1941 qui
1268 1877 1323 1939 jem
1336 1879 1405 1927 vice-

310 1971 381 2006 snem
393 1956 703 2019 defensantumque.
732 1957 782 2007 Vel
793 1973 837 2008 ou·
876 1960 936 2001 rent
948 1958 1025 2016 etque
1037 1952 1122 2002 omnis
1133 1964 1207 2014 pene
1219 1950 1353 2007 tenebunt,
1365 1950 1405 2000 in·

309 2032 361 2081 dice
370 2032 452 2082 videor
461 2033 541 2082 Duces
550 2033 628 2082 victre
643 2033 734 2097 pertis,
744 2032 836 2084 sobec-
877 2029 943 2078 ciem
956 2028 1051 2079 videre.
1086 2028 1220 2079 Piutcreir.
1233 2028 1266 2077 de
1277 2041 1308 2077 eo
1318 2029 1405 2078 Cucur'

308 2112 362 2156 tem
376 2105 619 2157 deflenteseeusem
635 2109 776 2170 meliorem,
798 2113 836 2158 et·
877 2103 973 2154 dixim
995 2111 1129 2154 nmiurt
1157 2105 1262 2154 ‘Tum
1284 2117 1335 2164 08⁰
1355 2104 1405 2154 tibi

308 2197 359 2246 que
369 2184 557 2244 pessumdatum
564 2183 713 2234 libertatem
722 2190 751 2233 et
760 2183 837 2234 Rern·
875 2189 985 2230 mortem
1005 2181 1118 2243 invideo,
1127 2181 1205 2242 Ceto,
1222 2181 1281 2244 quie
1295 2187 1323 2230 to
1342 2181 1405 2230 mihi

310 2256 449 2320 pubiicum.
875 2256 984 2305 salntem
1005 2263 1074 2306 tunm
1098 2255 1228 2306 invidisti!
1267 2257 1364 2305 Lucen.
1384 2271 1405 2307 r.

342 2331 446 2392 Magnos
464 2331 543 2394 wer]
560 2333 713 2396 Pompeium
733 2334 760 2382 in
779 2333 838 2383 ecie‘
875 2333 916 2380 ²8.
932 2331 1053 2380 ‘Victrix
1065 2333 1217 2382 ceussDeie
1229 2331 1342 2394 pieeuit3
1357 2333 1404 2381 sed

309 2409 458 2459 Ptrerseiiee
479 2408 657 2474 profligetnmr
683 2411 836 2475 Labienum,
876 2405 944 2456 vicit
961 2405 1072 2459 Catoni*
1103 2407 1173 2458 Flor.
1189 2405 1405 2458 cit.‘1oAirice

309 2481 456 2545 Afroniam,
471 2483 577 2547 iubam,
593 2486 619 2534 in
636 2485 741 2536 Αἰτίοις
758 2488 836 2536 an·
876 2495 934 2530 cum
945 2482 1045 2531 ciuibus
1062 2482 1143 2531 mutto
1160 2484 1272 2532 atrocius
1290 2498 1367 2547 quem
1379 2484 1405 2532 iu

309 2557 363 2619 peii
375 2554 457 2607 fliium
476 2558 502 2605 in
517 2557 644 2620 Hisponis
660 2559 693 2608 sd
709 2562 836 2612 Mundem
876 2557 1121 2609 Pherseiin...setis
1138 2561 1223 2621 empie
1237 2558 1363 2609 souebsnt
1379 2559 1404 2607 in

310 2630 415 2679 urbem:
449 2630 556 2694 ejusque
588 2629 694 2681 fretrem
726 2632 835 2684 Sextum
878 2633 1030 2697 Pompeiani
1052 2634 1161 2683 nominis
1183 2634 1266 2683 iocum
1290 2635 1356 2685 Ceto
1376 2640 1404 2683 et

309 2704 472 2768 Pompeium,
484 2705 527 2769 qui
539 2704 658 2755 Gordube
670 2706 697 2755 iu
711 2706 835 2770 Siciliam,
876 2708 974 2771 Scipio.
1017 2708 1136 2759 Accessit
1168 2710 1250 2773 copiis
1277 2706 1405 2759 Meurite·

310 2780 445 2828 ethiocin
459 2778 548 2829 Asiam
565 2778 665 2843 fugient
682 2782 787 2833 tandem
803 2784 837 2833 sb
876 2784 926 2832 uin
956 2798 1002 2833 rex
1023 2782 1246 2846 anssvideticet
1267 2791 1296 2833 ut
1326 2784 1403 2834 istius

309 2852 511 2904 Antonieuisibi
523 2862 665 2905 caesnsest.
738 2845 742 2856 '
878 2858 996 2908 vinceret
1017 2860 1115 2909 Caecer.
1157 2859 1229 2909 Nihil
1250 2874 1312 2923 ergo
1335 2860 1404 2910 inter

342 2933 375 2978 22
397 2930 454 2977 Nos
474 2930 583 2979 dedecoro
601 2933 698 2993 protom
719 2933 837 2997 eordidos]
878 2932 1039 2982 Pherseiieru
1061 2941 1089 2983 et
1117 2933 1245 2997 Tirepsum
1266 2935 1313 2983 uisi
1335 2934 1403 2999 qnod

309 3004 342 3053 Iu
357 3005 415 3068 ipro
430 3003 563 3068 conflictu,
574 3005 711 3071 medisque
719 3008 775 3056 ecte
786 3022 835 3071 per
878 3008 996 3071 amplior,
1020 3022 1102 3071 eoque
1130 3008 1215 3057 norint
1242 3008 1403 3059 Gaescrienn·

309 3080 424 3143 cingulos
451 3080 555 3130 ordines
577 3080 726 3131 discurrunt
756 3082 835 3132 inter·
876 3094 932 3131 rum
944 3084 1055 3145 impetus
1073 3081 1131 3140 fuit,
1143 3084 1332 3147 indignentium
1345 3089 1403 3147 post

309 3154 372 3203 dnm
390 3154 479 3216 duces,
497 3155 542 3205 hos
564 3156 673 3221 ilicoque
684 3156 717 3206 ed
729 3163 836 3206 strenue
875 3157 1027 3221 Pompeium
1056 3158 1170 3208 crevisse
1193 3154 1290 3208 beilum
1355 3159 1402 3209 Ce-

310 3230 477 3294 pugneodnm
505 3231 675 3282 adhortentur
700 3247 751 3281 non
779 3247 835 3281 rer·
877 3237 904 3282 to
930 3247 982 3281 nou
1012 3232 1131 3285 interfuit
1150 3233 1234 3283 beiloe
1260 3233 1402 3297 positioque

309 3304 349 3354 bis
369 3306 451 3355 sotum
469 3304 514 3354 ned
532 3313 561 3355 et
577 3307 835 3371 exemptosgtcrioso
876 3307 944 3369 opud
956 3308 1102 3370 Bagradam
1114 3308 1205 3357 cestris
1216 3307 1321 3357 Uticsm
1334 3309 1403 3357 reiut

309 3380 418 3443 proinde
427 3381 477 3444 ipsi
486 3382 592 3443 putrere
599 3383 740 3445 conspersi.
757 3382 834 3446 Apud
876 3382 959 3431 sitem
972 3381 1069 3443 Afriere
1079 3384 1192 3433 cieustre
1202 3382 1330 3431 seminet.
1351 3382 1403 3431 Sed

309 3454 525 3517 liciompessim.
557 3456 626 3504 Fine.
637 3456 683 3505 cit·
694 3457 727 3505 de
736 3457 835 3521 Philip·
875 3464 986 3521 accepte
1002 3460 1113 3521 partium
1131 3459 1215 3519 clade,
1226 3458 1287 3505 nihii
1298 3468 1401 3507 cuncte·
1485 3481 1489 3489 ·

309 3530 383 3591 pensi
394 3532 533 3579 certsmine
543 3548 549 3579 ι
561 3533 569 3559 ⁴
579 3532 678 3581 Multus
689 3533 715 3581 in
726 3546 758 3581 eo
769 3548 835 3595 prte-
875 3540 926 3595 tus,
939 3540 967 3581 ut
978 3534 1094 3595 sepiente
1106 3532 1209 3595 dignum
1220 3540 1287 3593 eret,
1295 3538 1402 3581 mortem

308 3603 344 3650 iio
355 3602 445 3651 Cesar
455 3602 516 3666 fuit,
533 3604 682 3669 uredineque
699 3608 768 3656 iuter
783 3607 835 3656 Im·
876 3607 955 3656 etiem
963 3608 1036 3657 letos
1046 3608 1149 3657 eocirit.
1158 3642 1165 3655 .
1173 3641 1180 3656 .
1188 3607 1315 3670 perlecto
1327 3614 1403 3655 noete

310 3680 616 3742 peretoremetmiiitem.
640 3681 836 3746 Vocesquoque
877 3680 910 3730 ed
924 3682 1053 3731 iueeronm
1070 3682 1190 3733 Pistonis
1205 3682 1281 3742 libro,
1296 3684 1340 3746 qui
1358 3684 1403 3730 im·

312 3753 487 3816 obequitantis
507 3754 645 3818 excepte:
669 3759 717 3806 dre.
758 3757 837 3819 Apud
878 3758 1061 3807 mortelitetem
1073 3759 1164 3806 suimae
1176 3757 1263 3819 docet,
1275 3758 1403 3820 paulutum

311 3826 583 3877 Mundennvernideru
591 3830 688 3893 Cresco,
698 3834 706 3858 ‘
716 3831 837 3895 obtegere
878 3832 990 3895 quierit:
1010 3839 1063 3881 tum
1079 3834 1150 3881 circe
1169 3832 1277 3893 primum
1289 3832 1402 3895 vigliietn

310 3916 387 3967 equo,
395 3902 484 3953 similis
491 3901 589 3955 furenti
597 3907 705 3969 primem
718 3906 745 3955 in
757 3905 838 3955 eciem
878 3908 969 3957 stricto
980 3907 1064 3969 giudic
1076 3908 1217 3955 revelatum
1226 3920 1301 3956 menn
1310 3916 1402 3970 pectus

311 3980 451 4042 procurrit.
492 3979 534 4029 Ibi
555 3994 679 4042 prensere
700 3979 837 4044 fugientes,
878 3982 1403 4046 semeliterumquepercussit,'&c.Beue

312 4054 479 4115 confirmem
496 4070 544 4119 per
560 4061 643 4106 totum
660 4056 773 4121 denique
792 4070 836 4121 ng·
876 4055 1290 4119 ergoPoiiteeitcnsctntemrnn
1300 4058 1404 4119 misem,

310 4130 380 4193 rnen,
398 4132 627 4191 contumacibus,
646 4134 758 4183 clamore
774 4135 837 4183 roii·
877 4129 924 4180 sed
944 4144 995 4179 nou
1015 4131 1147 4180 eubectum
1166 4130 1273 4181 Catonis
1292 4134 1404 4182 euimnm

311 4204 385 4254 tere!
406 4208 465 4270 Vei,
476 4207 499 4256 si
510 4205 608 4257 referes
620 4206 653 4257 sd
666 4208 837 4271 posteriorem
876 4212 987 4270 monem,
997 4208 1022 4257 id
1032 4214 1081 4269 est,
1092 4207 1227 4270 inuictum,
1236 4208 1404 4273 intrepidum,
