3175 4900
659 397 831 448 nonnula.
1245 383 1291 450 η

193 544 238 611 U.
252 543 292 610 C·
306 545 383 612 716.
413 541 504 630 App.
519 540 684 610 Claudius
698 539 855 606 Pulcher.
881 538 924 606 G.
935 539 1119 610 Norbanus
1131 541 1291 609 Flaccus.

534 642 579 707 A.
594 642 634 707 C.
647 641 701 708 38.
746 641 885 708 Horatii
896 645 952 727 st.

235 787 310 854 Pax
333 805 410 851 cum
432 785 511 850 Sex.
536 782 701 866 Pompeio
726 779 818 847 lactu
841 781 1013 862 dirimitur,
1034 791 1067 849 et
1088 774 1291 852 recrudescit

193 909 269 953 cum
283 907 323 951 co
338 887 470 963 bellum,
486 885 650 962 Siculum,
667 903 695 948 s.
712 884 896 950 Piraticum
917 884 1055 950 dictum.
1088 886 1178 951 Vide
1203 889 1290 953 Plirn

194 1005 275 1053 xvr.
306 990 338 1051 4.
366 985 488 1052 Vellei.
521 1003 561 1050 ιι.
589 987 644 1050 73.
688 985 793 1068 Igitur
822 987 901 1051 huic
930 1007 1020 1052 anuo
1050 987 1291 1070 assignandum

192 1087 303 1173 Ep‘od.
331 1105 382 1152 ιν.
408 1107 470 1152 nec
498 1087 712 1152 differendum
739 1085 783 1152 ad
813 1080 1025 1172 se'queutem3
1046 1108 1122 1153 num
1148 1109 1191 1152 co
1213 1109 1290 1154 cum

193 1189 310 1254 Caesar
324 1191 400 1272 ipsc
412 1209 547 1273 quoque
562 1203 632 1252 xx.
648 1209 819 1255 servorum
836 1188 943 1254 millia
957 1191 1183 1254 manumiserit
1197 1197 1231 1267 et
1246 1189 1289 1254 ad

191 1311 318 1356 remum
339 1291 469 1356 dederit
491 1289 645 1376 (Sueton.
660 1290 748 1374 Aug.
764 1288 849 1376 lo),
863 1310 930 1355 non
943 1295 1078 1375 poterat
1091 1299 1167 1356 tunc
1184 1288 1292 1355 Poeta

191 1395 263 1458 sine
278 1392 405 1458 inuidia
419 1395 429 1428 ‘
441 1389 596 1456 servilem
609 1389 922 1473 manum'tangere.

236 1487 316 1557 Hoc
333 1492 464 1558 demum
480 1511 569 1557 anuo
586 1491 770 1556 Horatium
786 1493 821 1555 iu
838 1490 1037 1556 Maeceuatis
1052 1491 1233 1556 amicitiam
1257 1500 1291 1556 ct

191 1593 455 1658 familiaritatem
483 1594 666 1675 ascriptum
687 1611 776 1669 esse,
799 1611 887 1657 nouo
906 1610 1019 1655 menso
1034 1601 1127 1672 post,
1142 1611 1244 1674 quam
1258 1595 1290 1656 ei
1364 1589 1369 1598 ‘

192 1694 447 1758 commendatus
461 1699 553 1757 esset
566 1693 656 1769 (vide
673 1709 698 1756 1.
714 1691 787 1757 Sat.
807 1693 840 1756 6.
854 1693 908 1758 52.
927 1689 1029 1775 sqq.),
1045 1693 1230 1775 apparebat
1245 1713 1291 1758 ex

191 1795 245 1872 lis,
260 1814 338 1878 quea
360 1793 403 1858 ad
426 1814 458 1859 u.
479 1793 524 1858 U.
553 1809 747 1858 nocxxnr.
771 1793 936 1859 dicentur.
980 1792 1048 1857 Per
1067 1792 1290 1859 Maecenatem

193 1900 226 1962 ln
255 1896 434 1961 Octaviani
457 1896 599 1978 gratiam
621 1895 824 1972 insinuatur,
853 1901 888 1959 et
912 1893 1044 1988 obtinet
1065 1893 1229 1977 praedluru
1258 1897 1291 1959 in

193 1997 340 2064 Sabinis.

194 2247 237 2314 U.
253 2247 292 2314 C.
305 2249 382 2314 717.
428 2248 477 2313 Μ.
496 2247 687 2332 Vipsanius
709 2249 877 2335 Agrippa.
921 2249 962 2314 Ia
978 2245 1142 2314 Caninius
1158 2247 1290 2314 Gallus.

532 2348 699 2416 noer.
744 2350 955 2436 Horatiigg.

234 2529 290 2596 Ah
307 2530 472 2615 Agrippa,
486 2539 525 2596 ut
536 2550 650 2597 recens
663 2529 844 2595 aedificatis
856 2526 1022 2594 classibus
1034 2534 1126 2593 tutus
1138 2548 1291 2613 recessus

191 2638 290 2708 esset,
304 2632 382 2695 lacu
396 2629 534 2696 Averno
548 2639 583 2696 et
598 2630 744 2697 Lucrino
766 2650 842 2695 cum
865 2630 949 2694 mari
967 2631 1161 2709 commisso,
1175 2636 1292 2714 portus

192 2732 305 2797 Julius
330 2732 440 2799 factus
463 2740 524 2797 est.
561 2731 643 2799 Vid.
667 2733 736 2801 Dio
767 2746 907 2795 xuvnt.
938 2730 990 2794 50.
1020 2738 1060 2815 etv
1078 2732 1132 2797 51.
1177 2730 1292 2813 Hujus

192 2835 305 2916 operis
319 2834 443 2899 mentio
459 2835 494 2897 in
509 2832 553 2898 A.
568 2834 610 2899 P.
623 2834 676 2898 63.
865 2889 869 2895 .

234 2933 401 2999 Antonius
423 2934 566 2999 Athenis
587 2935 766 3001 Tarentum
790 2936 902 3001 classe
925 2936 1026 3002 venit.
1072 2934 1216 2999 Octavia
1231 2933 1292 2998 ad·

192 3036 286 3100 ducit
300 3034 534 3110 Octavianum,
549 3042 588 3098 nt
603 3054 679 3098 eum
696 3039 888 3100 conveniat.
928 3036 1031 3100 Nova
1042 3036 1199 3099 intereos
1211 3036 1293 3099 ami-

192 3137 283 3217 citiae
298 3136 420 3218 pactio.
466 3134 533 3199 llio
550 3148 691 3197 xcvrrr.
707 3141 792 3199 extr.
832 3134 960 3198 Eodem
975 3133 1151 3199 Maecenas
1171 3152 1293 3217 prope-

191 3243 245 3301 rat
272 3256 349 3301 cum
379 3235 540 3311 Horatio,
570 3232 721 3316 Virgilio,
751 3234 869 3311 Vario,
901 3234 1027 3299 Plotio.
1073 3232 1115 3297 Id
1144 3245 1200 3296 est
1231 3235 1293 3297 iter

193 3336 453 3414 Brundusiuum,
469 3334 673 3419 descriptum
689 3352 714 3399 ι.
731 3333 805 3400 Sat.
820 3338 852 3399 5.

193 3588 239 3654 U.
254 3588 295 3656 (l.
317 3588 391 3654 718.
436 3588 475 3653 1..
502 3587 634 3652 Gellius
661 3582 854 3669 Poplicola.
898 3580 1142 3649 M.·Cocccins
1166 3582 1291 3649 Nerva.

533 3689 578 3757 A.
595 3690 635 3756 G.
647 3690 702 3755 36.
741 3688 879 3755 Horatii
892 3692 946 3771 ἢ.

235 3867 339 3933 Victo
353 3868 433 3933 Sex.
449 3866 628 3951 Pompeio,
644 3864 855 3930 Octavianus
869 3863 1014 3929 Romam
1029 3882 1186 3928 reversus
1198 3882 1291 3944 mug-

193 3970 247 4033 nis
268 3970 449 4033 houorihus
472 3968 624 4034 afficitur.
669 3966 868 4051 Oppidatim
892 3966 981 4029 inter
1004 3964 1099 4028 Deos
1112 3962 1290 4028 Tutelares

193 4075 413 4135 cousecratur.
459 4070 605 4154 Appian.
627 4090 659 4133 v.
682 4088 716 4152 p.
741 4065 851 4133 1178.
882 4066 1058 4144 Phraates,
1089 4064 1290 4131 Parthorum

193 4190 268 4248 rex,
281 4172 316 4235 in
332 4189 414 4236 suos
429 4172 520 4237 cives
536 4172 657 4236 smulrc
669 4168 805 4253 occipit.
