3175 4900
550 404 757 454 csnuruuu
782 407 856 456 nrn.
879 409 904 456 r.
926 395 980 460 36.

346 546 516 612 Pulsanda
532 548 650 626 tellus3
671 568 760 613 nuno
775 549 962 616 Saliaribus

389 647 518 713 Omere
531 650 685 732 pulvinar
700 650 847 715 Deorum

430 749 581 833 Tempus
595 760 667 816 eret
682 753 839 835 dapibus,
855 752 999 818 sodales.

346 847 499 914 Antehac
512 853 617 928 nefus,
631 852 826 936 depromere
841 853 1023 920 Caecubum
1266 867 1309 926 ·r'i

344 948 448 1013 Gellia
461 955 570 1029 avitis,
583 953 660 1017 dum
677 954 850 1038 Capitolio
933 1013 935 1018 ,

211 1157 258 1217 pes
265 1145 333 1192 adeat
339 1147 414 1208 epulis
423 1147 554 1198 Saliaribus
563 1154 671 1201 dsromre
682 1155 814 1203 Numisium
825 1157 903 1204 lectos.
937 1156 994 1204 Nou
1004 1157 1089 1205 licebat
1102 1162 1172 1206 osteo
1185 1157 1309 1205 Coecubm

214 1221 295 1256 susus
308 1209 415 1271 pupione
425 1227 439 1260 e
448 1215 512 1262 celtis
526 1217 635 1278 msam,
644 1220 701 1266 deus
713 1218 830 1280 Capitolio
843 1219 991 1282 merum»,
1002 1226 1025 1268 st
1036 1221 1137 1270 mititem
1147 1221 1249 1284 leporio
1260 1221 1309 1270 tto·

670 1357 702 1378 u
703 1360 851 1380 0000000000

213 1447 435 1502 stannum-t
453 1454 565 1505 Quidam
579 1455 656 1507 codd·
674 1460 803 1520 Lambini,
825 1459 876 1508 duo
894 1460 966 1522 Lips.
984 1459 1093 1508 Loeber.
1113 1459 1219 1508 Venett.
1233 1463 1304 1510 ΜΩ.

213 1515 287 1562 rouo.
305 1521 333 1562 et
349 1515 456 1566 Aseeus.
473 1519 566 1569 ‘Forte
578 1523 862 1634 punctumpoueudum
881 1531 919 1572 est
933 1532 991 1584 post
1002 1528 1100 1586 teurpss,
1116 1536 1167 1571 uon
1177 1537 1237 1573 sero
1247 1531 1308 1591 post

212 1577 312 1636 mula,
320 1585 348 1626 et
356 1586 407 1629 erut
418 1595 476 1630 eum
485 1583 552 1642 nesus
560 1585 705 1648 conjungen
727 1587 786 1636 um.’
821 1586 863 1636 ltu
871 1587 920 1636 Dr.
930 1587 1005 1647 Psrr,
1013 1589 1056 1650 qui
1067 1588 1164 1636 benere
1174 1587 1306 1651 conjectu·

213 1651 268 1688 ram
279 1651 373 1704 portes
384 1645 547 1696 damnat-b
565 1649 687 1700 Antelios
702 1652 862 1703 Lumen-t
880 1651 976 1714 Regius
993 1653 1087 1702 derum
1101 1656 1126 1700 et
1142 1651 1226 1700 ruisse
1240 1651 1307 1716 conj.

704 1793 810 1845 NOTAE

242 1881 356 1931 Mettum
365 1883 433 1933 idem
445 1886 511 1949 qnod
524 1901 602 1951 supra
613 1888 667 1938 0d.
678 1901 718 1939 tx.
775 1890 957 1952 exhibendam,
974 1897 1028 1938 tum
1044 1889 1125 1938 lectos
1141 1903 1171 1939 ae
1188 1891 1305 1954 pulvinos

244 1959 257 2003 l
276 1957 349 2006 Neue
357 1963 394 2008 est
405 1957 537 2023 bibendam
547 1963 602 2028 be]
618 1963 684 2014 Post
697 1965 735 2013 in·
775 1967 802 2016 iu
816 1969 917 2031 templis
929 1966 1074 2017 numinibus
1090 1965 1238 2029 sternendo,
1250 1974 1303 2017 tum

209 2031 306 2094 signem
318 2033 388 2083 illam
399 2036 432 2085 sd
444 2037 549 2088 Aetium
561 2039 671 2103 Augusti
683 2043 735 2091 sie·
775 2042 897 2105 opiparas
906 2041 1063 2092 celebrando
1072 2055 1158 2090 censs
1167 2049 1194 2092 et
1204 2044 1305 2106 epulas,

206 2107 514 2176 todemsuperstnmqne
524 2116 664 2164 Antonium
677 2131 735 2166 eum
774 2119 865 2181 qnnles
884 2119 960 2168 Saliis
979 2124 1111 2168 comuste
1130 2124 1157 2166 et
1174 2117 1303 2181 solennes,

208 2195 254 2230 sua
272 2184 421 2248 Cleopatra,
436 2203 495 2251 quse
514 2190 636 2240 Romanis
654 2191 735 2241 ‹lomi-
775 2200 805 2240 ut
822 2192 906 2242 ioeum
927 2192 1047 2242 dederint
1064 2191 1215 2254 proverbio:
1238 2192 1303 2243 ‘Sa-

205 2259 261 2307 neri
273 2260 354 2310 stulte
364 2263 516 2326 appetebat,
527 2265 608 2315 libere
616 2267 672 2329 jam
690 2268 735 2316 tri·
774 2267 851 2317 lieres
860 2266 961 2327 eoeuoe,'
970 2267 996 2316 id
1005 2273 1055 2322 est,
1065 2275 1210 2316 sumtuose·
1235 2267 1302 2317 Vide

207 2335 376 2400 pudiendum,
386 2337 502 2388 hilariter
518 2341 673 2404 epulandum
684 2352 734 2392 est.
774 2357 853 2406 supre
864 2344 926 2392 Not.
936 2341 989 2392 Orl.
997 2353 1095 2392 xxxut.
1103 2341 1135 2390 ad
1146 2357 1233 2392 vocem
1242 2343 1304 2392 ‘Sa-

208 2405 250 2457 lis
261 2408 299 2457 nu
312 2410 381 2461 Ftor.
394 2423 434 2462 ru.
447 2417 487 2463 tt.
504 2414 733 2467 liudbertum.
773 2417 854 2468 iiun1.'
867 2415 979 2468 Turueb.
989 2429 1040 2466 vn.
1049 2419 1089 2467 lt.
1099 2415 1176 2466 Alex.
1185 2415 1301 2467 abdier.

206 2490 236 2532 et
250 2494 371 2535 oxxxrn.
388 2485 519 2537 Plutarch.
534 2490 636 2540 iuVita
651 2490 733 2541 Anto·
774 2508 802 2542 v.
822 2498 864 2543 at.
886 2494 940 2543 Lis.
962 2493 1055 2554 psssim
1073 2492 1106 2541 de
1125 2493 1303 2555 lectisterniis,

203 2558 250 2608 nii.
259 2560 366 2610 sueton.
384 2560 459 2613 Oros.
468 2566 516 2612 dre.
532 2563 733 2628 scilieetlmpe·
773 2582 881 2632 quorum
916 2568 1124 2631 superstitionem
1157 2567 1301 2619 insectatur

205 2637 246 2683 rio
263 2636 377 2686 Romane
392 2639 541 2689 'l'rlumriris
559 2641 668 2705 pertito,
679 2641 732 2691 Au·
773 2642 873 2694 Arnob.
894 2644 937 2694 lib.
950 2656 1000 2693 vn.
1021 2650 1114 2693 eontra
1131 2642 1242 2705 Gentes,
1261 2643 1300 2693 itis

205 2712 274 2773 gusti
290 2713 370 2763 sorori
386 2714 602 2780 Oetaslre,quam
620 2717 733 2767 duxerat
772 2719 870 2768 verbis:
890 2718 1112 2769 ‘Leetlsteruium
1130 2718 1233 2767 Cereris
1250 2719 1300 2769 erit

203 2789 441 2853 uxorem,rspndlo
454 2793 569 2858 remisso,
585 2793 731 2855 eteopetre
773 2791 864 2842 idibus
882 2793 1014 2857 proximis.
1047 2790 1153 2841 llsbent
1169 2793 1237 2841 enlm
1254 2792 1301 2842 D'u

202 2865 370 2913 sesmorlbus
377 2866 503 2916 immersit
511 2866 646 2916 Antonius.
660 2868 732 2917 ilinc
772 2870 953 2931 metuuntque
970 2874 999 2917 ut
1015 2868 1104 2916 sumtis
1122 2868 1222 2929 possint
1239 2869 1301 2916 rnol-
1326 2894 1331 2901 ·

201 2940 286 2988 iretur
307 2940 397 2989 Cesar
412 2940 507 2989 bellum
527 2942 551 2989 ei
570 2940 684 3003 molitus,
704 2942 731 2989 iu
771 2943 879 2993 lioribus
896 2942 1032 3005 lucubnre,
1050 2942 1212 3005 pulvinorum
1233 2944 1301 2992 tolli·

202 3013 310 3076 Epirum
321 3016 411 3078 eopiss
428 3016 623 3079 transportavit,
635 3016 731 3064 nausii·
772 3026 816 3069 tur
826 3025 904 3081 atque
915 3018 1044 3067 excitatur
1053 3016 1204 3079 impressio'

201 3102 253 3151 qne
263 3088 354 3153 prelio
365 3088 397 3138 sd
407 3090 511 3139 dotium
524 3090 595 3152 Epiri
610 3105 730 3154 promon-
803 3098 817 3140 d
831 3092 939 3141 Antehac
948 3092 1172 3153 sesmdsprmuere,
1183 3088 1236 3151 dm]
1249 3090 1298 3139 La·

202 3167 297 3213 tortum
308 3165 452 3225 commisso,
463 3164 605 3213 Autonium
617 3172 645 3214 et
655 3166 729 3214 Cieo-
769 3165 880 3217 boraute
889 3166 1007 3215 civilibus
1016 3162 1150 3214 discordiis
1161 3170 1239 3214 antea
1251 3164 1299 3213 lie·

199 3245 304 3303 patrem
317 3248 368 3288 tam
386 3240 497 3301 gloriose
515 3240 586 3301 sicit,
602 3246 631 3289 ut
647 3242 730 3291 rietos
770 3241 882 3304 publiea,
895 3248 923 3290 et
942 3237 1046 3289 femina
1062 3240 1154 3302 jugum
1176 3240 1298 3288 Romanis

200 3313 234 3364 ad
245 3312 343 3377 iugem,
352 3313 464 3378 indeque
474 3314 507 3363 sd
518 3314 633 3364 nltimam
645 3329 729 3366 rernm
768 3314 923 3376 intentante,
933 3314 1017 3363 laeteri
1037 3326 1088 3361 uon
1102 3312 1207 3375 lieebrt,
1217 3326 1266 3363 nee
1282 3326 1297 3361 e

200 3402 232 3439 se
242 3390 324 3452 ipsius
337 3390 396 3439 rite
411 3388 619 3455 desperationem
634 3392 728 3456 sdege·
768 3388 842 3439 cellis
863 3402 982 3453 promere
997 3388 1058 3436 uiua
1077 3400 1210 3451 generosa,
1224 3388 1297 3450 quale

199 3465 243 3514 rit.
259 3464 305 3514 Ob
314 3479 355 3513 res
368 3472 420 3515 tam
431 3466 554 3528 preclare
562 3475 658 3529 gestas,
669 3482 728 3531 sup·
767 3461 1299 3527 Caecubumacsmpsnieiertilibusagris,

200 3542 354 3605 plicationes
365 3542 453 3598 etiem,
463 3550 493 3591 ut
503 3540 616 3606 ridetur,
627 3543 660 3592 sd
673 3545 728 3607 put·
768 3554 850 3604 prope
856 3540 959 3589 Fundos
966 3538 1210 3603 etAmyelssurber.
1222 3540 1296 3589 Mar·

199 3617 301 3667 vinaria
321 3616 437 3667 Deorum
458 3618 602 3684 institutas,
619 3619 728 3669 indicta·
768 3615 822 3665 tiai.
836 3628 901 3665 xrtr.
910 3618 967 3665 ltu.
978 3618 986 3643 ‘
997 3613 1111 3687 Caecuba
1122 3614 1242 3665 fundenis
1253 3630 1296 3680 ge·

199 3706 250 3754 qne
267 3692 435 3751 lectisternia,
453 3692 598 3755 gratulatur
608 3694 727 3756 Augusto
767 3706 859 3742 uerose
869 3698 1016 3755 coquuntur
1028 3689 1161 3755 Amyclis?

200 3766 373 3831 Romanisque
385 3768 510 3817 Horatius
522 3768 571 3817 beo
581 3769 649 3825 Ode,
661 3775 689 3819 nt
700 3775 727 3819 et
800 3772 817 3816 d
835 3768 901 3816 Dum
915 3765 1033 3829 Capitolio
1045 3764 1152 3829 Regius,
1162 3764 1214 3829 tm]
1226 3764 1293 3815 Dum
1388 3832 1392 3839 ι

199 3842 283 3906 epod.
295 3854 334 3891 rx.
344 3842 412 3891 Vide
423 3842 469 3893 ibi.
767 3842 883 3892 Romano
904 3841 1017 3905 Imperio
1039 3842 1139 3891 cladem
1161 3842 1295 3891 moliretur

230 3921 335 3969 artem
352 3918 486 3969 &turtum
506 3920 599 3968 onere
614 3920 727 3982 psloisor
766 3920 906 3983 cleopstrs
929 3916 1034 3982 AEgypti
1060 3917 1171 3981 Regius,
1197 3914 1294 3965 furiose

200 3994 315 4053 Dm,
332 3992 386 4056 tu]
408 3994 509 4057 Tempus
523 4000 576 4043 eret
594 3994 636 4043 rel
654 3993 725 4043 enai·
767 3994 908 4043 ambitione
930 4000 997 4051 acts,
1024 3992 1105 4040 solitis
1131 3990 1295 4040 cubiculariis

198 4069 268 4132 lage,
286 4082 343 4131 pro,
358 4074 450 4131 tenpus
468 4074 522 4129 retr
538 4071 589 4132 vel,
608 4069 724 4119 destine-
765 4066 1232 4133 stipate,eunuchisulmirnm‚omnia
1243 4066 1294 4116 sibi

198 4152 254 4194 tum
266 4141 327 4192 istis
336 4144 386 4193 boo
397 4151 453 4193 eret
461 4150 574 4208 tempus,
584 4145 616 4193 sd
628 4144 724 4209 gratias
765 4142 903 4208 spondens,
915 4148 993 4207 etque
1003 4142 1035 4192 ob
1046 4142 1201 4205 aspirantem
1211 4140 1292 4192 sortu-

198 4220 270 4271 Diis
281 4220 404 4284 agendas,
422 4228 588 4286 nostramque
607 4221 724 4272 letitiam
764 4234 823 4271 uam
836 4218 921 4269 auimo
932 4218 1089 4283 impotenter
1099 4214 1177 4266 elata.
