3175 4900
283 335 326 398 40
576 343 810 394 rusurucurs
834 343 883 390 nr
907 343 1089 391 uocarro.

415 487 504 564 Nec,
520 503 605 569 quos
616 485 773 568 Titynica
787 484 870 548 lima
883 482 1075 567 perpolivit,

412 584 586 662 ducellus,
601 604 665 649 nec
680 585 703 650 J
705 585 824 667 aspice
838 582 986 666 lapillos.

655 755 803 820 Martial.
819 771 901 818 vrrr.
917 754 972 820 18.

282 875 341 940 Sic
357 872 454 938 Marc
469 890 529 936 nec
541 869 678 941 Calabri
691 870 833 936 tentavit
846 872 994 936 carmina
1009 851 1135 950 Flacci,

325 973 526 1040 Pindaricos
541 977 661 1056 posset
672 991 747 1036 cum
763 990 919 1055 superare
933 971 1062 1037 modos.

591 1150 717 1216 Lucan.
732 1151 777 1216 ad
791 1150 889 1236 Calp.
905 1153 1075 1218 Pisonem.

282 1269 539 1354 Ausoniamque
553 1269 673 1353 chelyn
686 1269 822 1352 gracilis
835 1270 995 1353 patefecit
1009 1265 1143 1334 Horati.

642 1446 771 1514 Auscn·
787 1449 831 1513 ad
847 1448 1026 1532 Nepotem.

280 1565 332 1630 Te
349 1573 536 1649 praeeunte,
554 1565 684 1649 Nepae,
698 1566 869 1653 modulata
881 1564 1037 1648 poemata
1052 1563 1169 1629 Flacci

281 1669 533 1752 Altisouumque
548 1667 666 1732 iterum
676 1667 730 1732 fas
746 1675 797 1731 est
810 1665 971 1730 didicisse
986 1664 1169 1729 Maronem.

564 1843 611 1909 D.
628 1843 769 1908 Hieron.
785 1839 920 1906 Prtefat.
933 1842 970 1904 in
985 1841 1104 1906 caron.
1234 1813 1237 1816 ⁴

326 1960 420 2039 Quid
434 1960 603 2025 Psalterio
618 1961 798 2026 canoriusi
826 1958 928 2042 quod,
947 1959 983 2022 in
1000 1978 1127 2023 rnorem
1142 1959 1248 2023 nostri
1263 1924 1391 2023 Flacci

281 2069 316 2126 et
327 2062 439 2128 Graeci
448 2061 598 2140 Pindari,
608 2082 694 2126 nunc
704 2062 825 2126 lambo
838 2061 951 2139 currit,
961 2079 1049 2125 nunc
1059 2058 1198 2124 Alcaico
1210 2067 1378 2143 personat,

281 2183 369 2229 nunc
384 2161 558 2246 Sapphico
572 2167 689 2241 tumet,
703 2180 794 2227 nuuc
808 2161 980 2244 semipede
992 2159 1181 2244 ingreditur.

509 2345 624 2409 Sidon.
638 2341 790 2427 Apollin.
806 2339 914 2424 Epist.
926 2330 968 2405 ad
984 2340 1153 2425 Lamprid.

328 2462 370 2525 In
395 2459 526 2545 Lyricis
549 2460 709 2525 Flaccum
728 2463 868 2523 secutus
889 2476 979 2522 nunc
997 2458 1162 2524 ferebatur
1176 2460 1211 2523 in
1225 2458 1377 2525 lambioo

282 2562 381 2639 citus,
395 2564 456 2625 ac.
1063 2584 1070 2594 ·

325 2660 370 2726 Et
383 2660 486 2725 alibi:

542 2744 658 2827 Stylus
674 2748 733 2807 aut
748 2740 976 2821 Maronianus,

410 2844 482 2911 Aut
495 2863 564 2928 quo
578 2851 616 2911 tu
629 2842 762 2909 Latium
777 2844 869 2919 beas,
884 2844 1021 2924 Horati,

410 2946 530 3011 Alcaeo
544 2946 656 3027 potior
671 2943 823 3027 Lyristes
837 2946 925 3028 ipso.
1056 2982 1061 2991 ·

694 3118 881 3186 comment.
896 3119 976 3186 Vct.

325 3237 464 3305 Horatii
478 3236 588 3304 Satira
601 3238 688 3303 inter
702 3238 827 3337 Lucilii
851 3246 885 3301 et
906 3236 1083 3303 iuvenalis
1104 3237 1246 3305 satiram
1267 3218 1378 3307 media

280 3338 532 3506 gttsuvlffisct
546 3338 766 3423 asperitatem
785 3338 888 3403 habet
903 3342 940 3401 ut
954 3337 1117 3417 Lucilius,
1130 3346 1166 3404 et
1179 3342 1378 3463 scariotem

569 3583 592 3648 J
596 3627 604 3644 .
620 3582 714 3669 Lipr.
734 3582 838 3666 Epist
855 3582 986 3663 Quaest.
1003 3602 1044 3651 rr.
1057 3586 1090 3651 9.

325 3700 504 3778 Horatius,
516 3701 551 3767 in
561 3699 672 3767 Satira
682 3700 851 3785 placidus,
861 3701 957 3779 lenis,
970 3703 1116 3787 quietus,
1127 3710 1240 3769 monet
1248 3706 1376 3789 saepius

282 3820 384 3887 quam
407 3802 570 3885 castigat3
592 3800 715 3867 sedita
742 3803 902 3887 praeclara
924 3809 1037 3867 umen
1059 3804 1124 3869 hoc
1145 3804 1271 3891 ipsum,
1282 3812 1320 3870 ut
1340 3807 1376 3871 in

281 3922 323 3970 aa
336 3906 432 3986 parte
446 3908 482 3967 et
494 3908 566 3968 arte
579 3900 664 3971 nihil
679 3902 790 3986 possit
802 3918 902 3987 supra
917 3922 1005 3969 eum.
