3175 4900
272 336 338 405 288
634 355 666 415 o.
691 351 850 400 nonanus
877 350 1012 399 tuscos

403 496 551 563 Curatvc
564 498 697 580 myrto?
719 514 822 578 quem
836 493 951 557 Venus
965 494 1124 559 arbitrum
1327 489 1372 554 25

734 656 792 687 (000
795 654 915 675 ΝΙΝΙΙΦ

268 756 475 822 perempertus
485 758 549 807 Ere.
562 758 688 807 Sum-25
700 759 776 806 Curat
786 772 815 805 re
826 762 905 821 urprto
916 756 994 805 scribi
1006 755 1071 817 vuit,
1081 760 1139 818 post
1150 754 1213 804 alios
1224 753 1371 817 nonuuttos,

274 825 354 873 Baxt.
367 822 410 871 hic
422 828 450 871 et
461 822 535 882 alias,
546 823 678 885 pertinere
690 822 758 870 enim
771 836 821 871 non
835 821 867 869 ad
877 826 954 884 rarat,
966 819 1012 868 sed
1024 821 1057 867 ad
1068 824 1154 882 myrto.
1174 818 1182 845 ‘
1194 819 1292 867 Verum
1304 819 1371 882 quod

274 886 407 951 poetarum
418 886 525 937 liberior
537 901 596 935 usus
609 886 742 936 encliticss
753 901 797 949 que
808 894 836 935 et
845 900 873 934 oe
883 899 954 947 saepe
964 886 1049 933 aiieuo
1061 883 1197 947 vocabulo,
1210 897 1261 931 nou
1273 883 1319 943 iiii,
1330 882 1371 930 cui

273 951 396 1015 debebat,
406 951 533 1014 annectit,
551 965 601 999 non
614 951 672 1000 ideo
684 951 772 1000 statim
783 956 825 999 est
836 950 895 998 talis
908 950 1009 999 nouitas
1022 946 1187 1000 inducenda!
1202 948 1272 997 suut.
1303 952 1370 995 curct

766 1090 878 1165 'nuru

271 1228 297 1279 in
320 1225 555 1291 compotationibus
576 1232 705 1289 ungerent
723 1233 805 1289 caput
844 1224 997 1275 ebrietatem
1015 1224 1146 1289 impediri,
1162 1222 1287 1288 quocirca
1302 1228 1373 1272 sete·

272 1312 387 1368 veteres,
404 1304 551 1367 explicatur
563 1296 632 1367 apu'd
646 1302 741 1354 Athen.
754 1318 803 1353 xv.
844 1314 885 1351 res
897 1316 929 1351 eo
939 1315 967 1351 se
978 1307 1130 1351 coronarent
1140 1302 1167 1349 in
1178 1299 1312 1350 conviviis.
1337 1299 1375 1348 As

273 1386 314 1432 18·
326 1396 418 1444 nempe
430 1380 579 1445 qrsod‘vini
590 1382 641 1429 vim
653 1379 804 1430 imbestttto-
844 1384 992 1442 repugnant
1020 1375 1142 1427 Botanici
1169 1376 1318 1425 Doctores:
1345 1373 1374 1423 id

272 1474 328 1509 rem
344 1456 401 1506 sore
413 1457 559 1513 crederent,
574 1456 596 1504 si
616 1470 648 1504 co
663 1462 739 1517 pacto
752 1456 804 1504 rei·
844 1467 907 1503 sero
924 1453 1028 1503 bedere
1047 1450 1161 1518 quidem,
1179 1466 1231 1501 non
1249 1451 1308 1515 apio
1327 1450 1373 1500 tri-

272 1534 310 1584 nti
329 1532 490 1593 dilueretur,'
507 1536 557 1583 dcc.
596 1532 640 1581 De
658 1539 804 1595 unguento·
843 1530 935 1580 bunut.

273 1609 409 1659 nimiunn
428 1608 588 1670 emollitis,
605 1608 675 1658 Ptin.
695 1621 759 1657 xus.
778 1612 804 1658 t.
875 1611 907 1657 td
926 1606 1002 1661 Quota
1023 1604 1102 1655 Vesus
1116 1605 1234 1654 arbitratu
1250 1605 1322 1655 Dicet
1338 1604 1383 1653 bi:

273 1691 302 1734 et
328 1684 460 1734 Plutarch.
490 1684 681 1749 Apophthcpm.
705 1682 804 1733 mean.
843 1682 925 1747 beadr]
945 1682 1010 1733 Quis
1021 1681 1072 1731 erit
1084 1687 1112 1732 et
1126 1680 1174 1730 fiet
1184 1680 1295 1731 consinii
1307 1681 1374 1743 Res,
1452 1679 1454 1683 ’

272 1761 318 1811 ubi
340 1760 446 1809 scribit:
475 1760 678 1824 'unguentariis
704 1759 804 1809 editum
840 1758 915 1823 jactu
926 1759 1046 1808 venereo
1057 1758 1084 1807 in
1095 1758 1154 1807 tsiis
1163 1756 1250 1807 felici?
1278 1757 1375 1806 Horat.

271 1838 375 1902 Sparte
394 1836 548 1899 praeclusum
571 1850 587 1885 a
609 1836 741 1899 Lycurgo,
756 1848 803 1883 nn·
844 1851 864 1886 s.
877 1836 931 1886 od.
941 1839 966 1887 4.
978 1836 986 1863 ‘
997 1849 1046 1885 nec
1056 1849 1136 1899 regua
1147 1834 1201 1883 vini
1213 1834 1323 1883 sortiere
1336 1840 1376 1881 ts·

273 1920 422 1977 guentaque
435 1913 507 1961 reiut
516 1914 691 1976 corruptelam
703 1918 730 1961 et
745 1925 804 1975 per·
844 1912 891 1962 iis!
915 1911 986 1961 Vide
1007 1921 1036 1961 et
1054 1926 1113 1976 quse
1131 1912 1168 1961 ibi
1189 1910 1377 1960 annotavimus.

272 1986 805 2052 niciemornninoproscriptaatqueaman·
846 1988 887 2038 Ad
914 1986 1111 2050 intelligendum
1137 2000 1239 2036 sensum
1270 1983 1376 2034 Horatii

273 2065 353 2115 dats?
387 2066 451 2114 Coei.
469 2064 580 2128 Rhodig.
599 2076 694 2113 xxvrr.
713 2067 754 2113 24.
771 2078 806 2113 ex
844 2064 945 2115 duobus
956 2065 1013 2115 istis
1023 2064 1087 2114 locis
1097 2062 1217 2125 observa,
1227 2067 1251 2111 1.
1263 2063 1290 2111 in
1304 2076 1375 2111 oom-

273 2141 448 2205 Xenophonte
459 2148 487 2190 et
504 2141 623 2205 Socrate,
637 2139 729 2202 refert,
746 2154 804 2190 cunr
846 2141 1024 2204 potationibus
1040 2146 1157 2191 ueterum
1172 2139 1256 2191 creari
1271 2140 1376 2189 solitum

272 2218 387 2271 bellariis
396 2214 551 2283 corollisqise
562 2216 589 2267 in
597 2216 724 2267 secundas
734 2232 804 2267 men·
846 2218 955 2281 Regem,
970 2231 986 2266 s
1002 2231 1054 2281 quo
1073 2216 1223 2280 poculorum
1235 2215 1305 2277 leges
1315 2214 1377 2263 aiis·

273 2309 314 2345 sss
326 2295 431 2345 venisse
442 2298 574 2355 unguenta
588 2290 732 2357 profligatis
743 2306 804 2343 con·
845 2310 896 2359 que
907 2294 933 2343 iu
944 2294 1063 2344 convivio
1078 2292 1239 2343 observanda
1258 2290 1376 2355 prascri-

272 2386 338 2435 grua
347 2368 460 2420 moribus
471 2375 550 2433 atque
562 2368 708 2432 impudicis.
845 2372 984 2421 berentm:
1002 2384 1060 2420 eum
1078 2384 1157 2433 porro
1172 2368 1273 2418 Graecis
1285 2368 1377 2430 appet-

304 2451 336 2497 23
356 2446 417 2502 Quis
427 2446 473 2495 udo
489 2444 653 2510 Deproperurs
667 2444 730 2510 opr‘o,
747 2446 803 2510 iro]
844 2449 923 2498 istum
939 2444 1131 2510 σνμποσίαρχυ,
1143 2442 1257 2506 βασιλέα,
1273 2461 1377 2507 στρατη-

272 2521 314 2572 Ad
327 2520 451 2571 furnulum
462 2523 516 2571 brec
527 2539 533 2570 :
546 2521 739 2587 Quisprotinns
751 2530 806 2571 tex·
844 2525 900 2588 pir·
925 2525 1025 2575 Latinis
1045 2531 1133 2573 autem
1149 2523 1262 2572 convivii
1282 2522 1376 2571 Dicta·

272 2606 301 2648 et
313 2598 387 2648 nobis
399 2597 507 2647 corollas
527 2611 560 2646 ex
576 2599 635 2661 apio
653 2599 694 2647 vel
710 2606 806 2661 myrto,
845 2611 938 2663 torem,
945 2601 1035 2650 Pisut.
1046 2597 1377 2663 Modimperatorem,Vsr.

273 2673 367 2739 quibus
387 2688 421 2723 ex
441 2688 512 2723 more
529 2673 598 2723 iuter
615 2673 707 2736 epulas
725 2679 806 2744 caput
845 2692 884 2726 ro.
895 2676 1042 2740 Arbitrum,
1054 2676 1149 2725 Horat.
1169 2675 1254 2736 Vulgo
1263 2671 1377 2722 convivii

273 2749 444 2800 exornemus?
473 2749 534 2814 Udo,
547 2749 705 2811 relrecenti,
713 2748 754 2796 vel
762 2763 805 2810 po·
845 2751 1008 2815 Magistrum,
1020 2751 1130 2813 Regem,
1143 2751 1254 2811 Ducem,
1267 2749 1377 2812 Sympo-

273 2826 327 2874 tius
339 2825 406 2889 quod
419 2825 528 2874 humidis
537 2825 562 2872 iu
571 2824 634 2873 iocis
642 2821 805 2874 crescitsffs·
845 2827 982 2876 siarcbum.
1019 2826 1167 2888 strategum
1196 2826 1277 2874 etiam
1309 2823 1378 2873 dixit

274 2901 320 2952 tim
332 2909 361 2951 et
368 2901 509 2964 colligitur.
527 2901 571 2950 De
579 2907 661 2964 myrto
671 2915 692 2950 s.
703 2900 755 2951 Od.
763 2905 805 2952 38.
845 2903 1003 2965 Plautus,et
1013 2901 1197 2951 Dictstriccm.
1221 2903 1247 2949 2.
1263 2900 1377 2950 Consrre·

306 2982 338 3027 24
355 2977 428 3041 Apis]
448 2978 515 3029 Piin.
531 2989 580 3026 xx.
591 2980 631 3024 ll.
648 2975 736 3039 ‘Apio
747 2991 805 3040 gru
847 2983 902 3026 tum
912 2977 940 3027 id
951 2983 1022 3026 sorte
1032 2976 1100 3038 beri,
1110 2985 1139 3026 et
1149 2974 1253 3041 quidem
1267 2975 1377 3023 saiorum

274 3051 488 3116 tisvulgoinest.
519 3053 637 3115 Namque
650 3051 806 3116 semilargis
847 3053 888 3101 rei
901 3060 1055 3102 tesserarum
1066 3066 1165 3102 summo
1174 3052 1258 3115 jactu,
1272 3049 1317 3116 qui
1333 3051 1377 3099 Ve·

274 3129 435 3194 portionibus
451 3143 498 3192 per
511 3130 574 3192 jura
592 3128 721 3192 innatant,
731 3137 759 3178 et
778 3129 806 3177 in
845 3127 1051 3179 ssrssdicebstur:
1069 3136 1245 3193 eratqaecnm
1256 3127 1303 3176 tali
1315 3141 1378 3191 qua-

274 3205 446 3254 condimentis
453 3203 617 3268 peculiarem
635 3205 744 3268 gratiam
760 3203 806 3252 ba·
848 3212 906 3252 tuor
923 3205 1027 3254 diversa
1043 3203 1109 3255 facie
1126 3203 1270 3253 cadebant:
1287 3203 1314 3251 in
1326 3211 1378 3252 tes·

273 3279 347 3332 beat.
365 3282 455 3331 Honos
467 3282 515 3344 ipsi
533 3282 558 3329 in
571 3281 668 3331 Achaia
679 3295 806 3331 coronare
846 3280 911 3328 seris
923 3288 1008 3330 autem
1020 3280 1125 3344 qnando
1136 3287 1178 3330 tcr
1188 3277 1305 3329 senarius
1315 3294 1377 3330 con·

274 3360 387 3408 victores
414 3359 480 3408 sacri
508 3359 657 3408 certaminis
680 3357 807 3408 Nemea!
847 3355 975 3419 tingebat.
1002 3356 1046 3405 De
1054 3357 1094 3406 his
1105 3354 1172 3406 indis
1184 3356 1256 3419 ptura
1265 3354 1299 3404 sd
1311 3355 1377 3404 Per-

274 3434 343 3485 Hec
351 3434 496 3497 posteriora
506 3433 578 3482 addit
589 3433 658 3482 idem
667 3433 736 3482 Plin.
746 3447 807 3484 xlx.
846 3435 878 3482 sii
885 3434 941 3484 Sat.
953 3448 981 3483 v.
992 3433 1180 3483 annotavimus.
1197 3434 1280 3482 Vetus
1291 3433 1377 3482 Inter·

275 3514 300 3558 8.
324 3509 392 3558 Vide
404 3509 480 3559 Alex.
494 3508 688 3560 absalones,
711 3509 807 3560 Athen.
846 3510 1105 3574 presbicitsscribit:
1122 3510 1378 3574 ιἈρχιποσίνοίςιιί-

275 3597 321 3635 xv.
333 3589 372 3634 to.
386 3585 455 3634 inter
464 3583 544 3634 tiores
559 3586 708 3634 coronarias
719 3586 806 3649 apium
845 3585 919 3650 sear,
929 3585 957 3635 id
968 3591 1018 3650 est,
1028 3592 1187 3636 tesserarum
1200 3588 1276 3653 jactu
1287 3586 1376 3635 datum

273 3659 312 3710 ita
324 3672 485 3713 recensetex
493 3663 669 3712 Pherecrates
687 3663 696 3690 ‘
708 3662 766 3726 Age
778 3673 806 3712 su
845 3661 994 3712 inhibendo
1004 3663 1152 3726 primatum.
1169 3663 1279 3712 Veneris
1290 3670 1378 3712 sutem

276 3737 320 3802 qni
332 3738 441 3787 mairam
452 3739 569 3800 intueris,
581 3737 745 3802 hyacintum
752 3738 805 3802 spi·
842 3740 933 3803 jactus
944 3738 1089 3789 latissimus
1107 3739 1213 3802 dicitur,
1231 3738 1276 3802 qui
1287 3753 1377 3787 nurne-

274 3827 327 3876 ras,
349 3813 491 3864 melilotum
511 3815 632 3878 loqueris,
661 3827 732 3862 rosas
754 3813 805 3863 dis·
846 3829 903 3864 runi
915 3815 995 3865 babet
1012 3825 1053 3865 ter
1066 3812 1216 3866 senarium!
1242 3813 1294 3863 Ubi
1311 3828 1377 3864 csse

275 3889 366 3939 tractis
381 3889 458 3939 labiis
476 3888 556 3952 rides,
573 3905 718 3940 amaracum
732 3905 806 3940 oscu-
846 3891 885 3940 ita
905 3891 986 3955 rugus,
1013 3905 1047 3941 ne
1072 3905 1133 3940 seso
1152 3892 1229 3954 maie,
1252 3890 1377 3940 tricessm'·

274 3968 451 4033 iaris,dimoto
460 3981 570 4033 corpore
580 3970 665 4035 apium
673 3971 738 4033 oles,
750 3981 807 4018 ces-
846 3983 895 4024 srsr,
911 3983 969 4018 cum
985 3967 1171 4019 insanientibus
1183 3966 1308 4016 Librariis
1319 3967 1376 4032 qui·

275 4043 453 4097 mosandaium
469 4043 578 4109 incedis,
595 4044 806 4108 vinumaffunde,
846 4040 953 4092 burdam
977 4043 1098 4109 Acconis,
1123 4041 1321 4106 Porphyrionis,
1348 4048 1377 4095 et

276 4127 304 4169 et
327 4121 443 4170 sociatus
465 4120 570 4170 tertium
592 4121 698 4186 Perus,
717 4126 747 4170 ut
766 4125 808 4170 est
847 4119 964 4168 aliorum.
987 4120 1063 4172 Quod
1073 4121 1172 4184 optime
1183 4119 1265 4169 sanut
1274 4119 1376 4182 pridem

275 4195 486 4259 legessacituml
514 4197 579 4245 Sunt
593 4195 808 4261 qursprodtcaos
847 4202 875 4247 et
893 4196 1007 4247 correxit
1027 4195 1176 4246 Hadrianus
1196 4194 1377 4255 dunionAni·
