3175 4900
679 379 714 437 o.
737 374 895 427 nornen
921 376 1053 425 nnaeer

490 520 540 585 Te
554 539 669 586 rursus
683 520 717 585 in
732 520 857 611 bellum
871 518 1046 583 resorbens

534 621 637 687 Unde
651 620 744 686 fretis
759 621 836 685 tulit
849 621 1019 685 aestuosis.

448 724 538 807 Ergo
555 724 736 806 obligatam
751 722 856 803 redde
871 721 954 786 Jovi
968 720 1102 806 dapem,

448 825 632 909 Longeque
647 825 777 888 fessum
790 824 913 889 militie
926 826 1017 890 latus

492 930 633 1011 Depone
650 926 714 989 snb
727 928 824 991 lauru
840 947 936 1009 men;
956 946 1018 991 nec

536 1028 643 1095 Parce
658 1030 753 1094 cadis
768 1030 829 1095 tibi
844 1030 1031 1093 destinatis.
1375 1030 1421 1095 20

317 1185 350 1233 ad
364 1181 476 1231 miiitiae
492 1184 599 1232 deducit.
632 1182 747 1232 Debitum
763 1181 839 1243 igiter
856 1182 947 1243 epulum
962 1180 1021 1228 Josi
1034 1182 1193 1242 persolveret
1208 1194 1291 1243 corpas
1307 1180 1421 1229 duem

314 1248 449 1310 satiem
465 1246 521 1297 belle
534 1249 624 1297 reclino
640 1247 683 1296 sub
698 1262 750 1296 rnen
765 1248 849 1295 luero:
870 1260 943 1307 aeque
953 1245 1024 1295 doliis
1039 1246 1132 1294 sienae
1141 1243 1187 1294 tibi
1196 1246 1304 1294 eamd.
1336 1245 1421 1294 Polite

777 1357 961 1380 vaeneunt

320 1434 410 1479 iustam
422 1427 526 1477 Perdere
540 1425 677 1475 aestimarit
692 1426 812 1488 pudorem.
846 1424 920 1474 0lse!
938 1422 1011 1473 obei'
1028 1424 1163 1473 desi—19
1181 1420 1321 1471 Pulmanni
1338 1422 1419 1473 Gem-

320 1494 388 1542 blac.
400 1496 424 1541 l.
436 1490 507 1554 Lips·
519 1495 542 1539 l.
560 1505 663 1539 amauu
675 1504 726 1539 sec.
745 1490 842 1539 Venet.
856 1494 928 1539 lle-2.
939 1489 1050 1538 laoclrer.
1063 1487 1268 1537 uriacensem.
1280 1487 1323 1536 aab
1334 1488 1416 1546 iorem

320 1555 397 1607 Harl.
410 1560 433 1604 1.
443 1559 465 1603 2.
477 1559 501 1604 t.
512 1558 536 1604 4.
548 1560 572 1604 5.
584 1559 609 1603 6.
626 1555 721 1617 aliique
734 1553 838 1615 plurimi
849 1553 925 1601 codd.
942 1553 986 1601 sab
998 1554 1076 1614 terrm
1092 1559 1120 1600 et
1132 1552 1170 1601 sic
1183 1550 1287 1601 edidere
1299 1553 1420 1601 Torrent-

321 1619 413 1670 anb.
432 1620 510 1680 Cruq.
526 1618 618 1667 Heius.
635 1619 667 1667 lt.
683 1626 712 1667 et
731 1618 767 1667 Η.
785 1618 878 1679 Stepb.
895 1617 983 1665 Benti.
1003 1617 1083 1665 Baxt.
1102 1616 1213 1678 cuning.
1232 1616 1325 1665 Sanad.
1346 1616 1420 1678 dani,

320 1685 427 1735 blitselr.
440 1684 548 1733 Wetael.
561 1682 666 1747 Bipont.
679 1680 783 1731 Wakel'.
796 1682 887 1731 Comb.
898 1687 927 1731 et
938 1680 1017 1731 Kidd.
1029 1688 1057 1729 et
1067 1682 1102 1729 ita
1110 1680 1166 1743 Jam
1182 1681 1289 1731 Servius
1299 1680 1332 1729 ad
1343 1680 1419 1744 virg.

816 1796 924 1845 NOTAE

355 1880 387 1930 Te
406 1892 488 1927 rursais
505 1878 532 1927 ie
545 1877 628 1929 buum
645 1880 775 1942 resorbeas,
795 1880 848 1943 ee]
889 1876 1013 1928 crificium
1026 1878 1095 1927 inter
1105 1877 1255 1934 discrimina
1266 1878 1420 1940 promissum

318 1956 364 2005 nte
372 1955 478 2019 quidem
487 1954 622 2006 Horatium
633 1964 769 2020 parentem
776 1958 848 2007 Mer·
889 1969 921 2003 ac
932 1962 1020 2003 vntum
1032 1969 1047 2003 a
1058 1954 1185 2017 Pompeio
1197 1956 1277 2018 Varo,
1289 1954 1419 2018 interpre-

319 2033 406 2083 curius
427 2029 563 2081 sublimem
585 2033 682 2099 rapuit,
702 2050 733 2083 ec
754 2034 850 2083 nebula
890 2031 938 2079 tari
950 2032 1023 2094 licet,
1032 2046 1065 2080 ex
1075 2031 1211 2081 Prisciauo
1223 2031 1267 2083 lib.
1279 2045 1330 2081 sn.

319 2110 451 2172 protexit:
473 2117 500 2159 te
521 2124 591 2166 vero,
611 2112 731 2175 Pompei,
753 2112 848 2162 Martis
921 2111 954 2157 18
969 2107 1099 2169 hugoque
1109 2107 1203 2167 fessum
1217 2107 1315 2170 militis]
1334 2106 1420 2156 Multo

317 2186 395 2235 ardor
415 2185 440 2234 iu
459 2200 526 2235 nova
547 2188 663 2249 pericula
680 2188 802 2251 conjecit,
818 2203 849 2238 ac
889 2182 999 2246 longiori
1012 2196 1086 2245 quam
1098 2197 1166 2245 mea,
1177 2182 1261 2247 inquit
1276 2182 1420 2231 Horatius:

317 2260 511 2312 recrudescenti
522 2260 589 2310 bello
600 2261 737 2325 implicuit,
746 2276 849 2325 semper
889 2273 983 2323 nempe
999 2258 1045 2307 sub
1062 2258 1151 2308 Cereio
1171 2266 1199 2307 et
1215 2258 1309 2321 Bruto,
1325 2258 1421 2309 deinde

317 2336 525 2400 intrepidum,ac
534 2336 644 2400 publicer
653 2338 782 2388 libertatis
791 2352 850 2401 per·
889 2336 937 2386 sub
953 2336 1035 2387 Sexto
1059 2336 1193 2399 Pompeio,
1216 2336 1242 2385 in
1259 2336 1363 2385 Sicilia:
1389 2342 1420 2385 ut

320 2412 444 2462 tinaciter
454 2412 594 2464 vindicem.
889 2412 1048 2462 dictumest.
1082 2412 1153 2476 Ergo
1168 2417 1207 2461 tot
1221 2410 1341 2461 erumnis
1352 2411 1421 2461 eirea

353 2487 487 2536 Resorbess
500 2491 563 2538 undu
571 2489 648 2548 fretis
663 2489 719 2539 tulit
730 2489 850 2552 aeatwsb]
888 2488 1027 2536 exhaustas
1051 2500 1152 2547 recres,
1174 2487 1282 2549 epulare
1307 2500 1421 2548 mecum,

318 2561 392 2614 Sicut
412 2561 440 2608 in
459 2561 534 2611 fretis
554 2565 671 2613 aestuosis
690 2566 761 2614 unda
777 2580 849 2614 rece·
889 2563 994 2626 quiesce
1006 2562 1076 2626 apud
1092 2578 1148 2623 me;
1164 2563 1209 2611 sub
1224 2564 1294 2612 inere
1310 2577 1362 2612 stes
1378 2571 1420 2612 tn-

319 2634 384 2682 deus
395 2636 541 2700 iterumque
552 2637 679 2686 accedens
691 2651 721 2686 es
730 2639 850 2689 resorbet
889 2643 942 2685 tus:
956 2637 1100 2699 patrocinio
1109 2651 1166 2686 meo
1175 2636 1421 2702 confisus‚adeoqne

318 2726 376 2774 quar
388 2719 547 2768 evomuerat,
558 2728 589 2761 ee
601 2713 626 2762 in
638 2714 726 2764 littore
739 2715 848 2777 relique·
889 2711 958 2758 omni
973 2711 1091 2774 deposita
1104 2711 1277 2762 solicitudine.
1302 2712 1421 2776 Spondet

319 2793 371 2846 rat,
388 2786 425 2836 eie
441 2786 537 2836 bellum
554 2787 628 2836 cresis
646 2787 735 2837 Cassio
755 2789 849 2838 Bruto·
890 2798 984 2849 nempe
995 2787 1066 2836 Vero
1080 2787 1216 2850 Horatius,
1225 2787 1295 2837 forta
1306 2787 1420 2838 nondum

319 2876 368 2925 que
391 2862 462 2925 quasi
487 2861 652 2927 profligatum
674 2865 790 2926 ejecerat
812 2873 848 2928 te,
889 2860 1007 2924 perfecte
1027 2862 1059 2911 ab
1072 2863 1191 2926 Augusto
1207 2865 1311 2914 reniam
1329 2879 1421 2915 conse·

319 2936 399 2999 Vere,
410 2952 461 2986 non
479 2953 554 2988 secus
573 2954 605 2988 ac
620 2955 671 3002 me,
688 2941 848 3005 liberumque
890 2945 961 3002 cute,
973 2937 1090 2988 favorem
1106 2940 1269 3005 Mecenatis,
1287 2955 1420 3006 perquem

320 3013 401 3062 ueluti
422 3011 540 3064 feceret:
566 3029 656 3064 verram
673 3017 849 3065 exardescens
889 3014 947 3077 ipse
958 3031 1016 3065 cum
1034 3016 1077 3063 illo
1097 3015 1197 3064 victore
1212 3017 1352 3066 metuende
1363 3017 1420 3080 J'anr

319 3101 397 3152 porro
409 3090 534 3138 tumultus
545 3089 629 3139 civilis
637 3090 664 3139 in
676 3105 746 3139 erma
756 3097 782 3141 te
794 3105 850 3140 rur·
891 3092 1072 3140 reconciliatus
1083 3089 1177 3141 fuerat.
1204 3091 1268 3140 Cum
1280 3093 1348 3141 enlm
1360 3107 1421 3156 pro·

318 3179 362 3214 ens
373 3163 495 3227 abripuit.
519 3165 569 3214 His
581 3166 685 3216 Horatii
698 3168 785 3217 verbis
797 3183 849 3218 unu
890 3169 1033 3232 scriptione
1045 3171 1181 3232 bonorum,
1191 3184 1250 3221 enur
1262 3170 1320 3219 aliia
1331 3177 1420 3234 partes

255 3299 267 3308 .
320 3239 365 3289 abs
381 3240 627 3306 resuluutquidam
644 3243 768 3292 alludied
782 3259 848 3307 prar-
890 3245 1013 3296 adversas
1039 3247 1145 3308 secutis,
1172 3247 1312 3296 muletatus
1340 3254 1420 3308 essen

318 3317 379 3365 lium
395 3317 470 3366 Sesti
492 3319 610 3380 Pompeii
628 3319 653 3367 in
674 3319 760 3369 Siculo
780 3319 848 3372 freto
890 3320 962 3387 inops
977 3332 1175 3373 rerumcoactus
1186 3321 1420 3374 calfaciendover·

319 3393 497 3442 commissum:
515 3395 634 3459 adeoque
651 3396 682 3444 ad
702 3397 772 3445 illurn
789 3411 848 3446 curn
889 3411 932 3448 ans
944 3400 1197 3463 victumquaeritnre.
1225 3399 1302 3452 Quod
1314 3400 1420 3449 itanar·

319 3467 375 3515 aliia
386 3467 485 3516 Verum
497 3468 656 3533 confugisse,
673 3481 733 3534 post
747 3473 848 3524 cladem
891 3480 931 3522 rat
942 3489 974 3523 ιι.
986 3475 1071 3537 Epist.
1083 3480 1107 3524 2.
1117 3479 1158 3525 tn.
1175 3475 1267 3524 ‘Unde
1279 3475 1354 3524 simul
1366 3477 1421 3539 pri·

319 3544 489 3594 Brutianam:
510 3546 577 3596 unde
589 3549 693 3598 tandem
707 3551 793 3598 sulvus
805 3551 849 3600 ille
890 3563 958 3598 nrum
974 3564 1016 3598 me
1033 3549 1155 3599 dimisere
1172 3550 1297 3614 Philippi,
1315 3551 1421 3600 Decisis

318 3619 424 3668 Romam
444 3621 560 3686 redierit,
579 3631 607 3672 et
624 3623 745 3687 Angusto
759 3641 850 3676 recon—
889 3624 1012 3674 humilem
1028 3627 1130 3690 pennis,
1144 3627 1299 3692 inopemque
1315 3629 1421 3690 paterni

318 3695 419 3744 cilistns
431 3696 474 3746 sit.
490 3697 642 3748 AEstusillos
652 3701 764 3751 marinna
775 3716 848 3765 egra·
891 3701 926 3748 Et
944 3701 1003 3751 laria
1019 3709 1047 3751 et
1063 3700 1146 3766 iirndi,
1164 3711 1301 3767 paupertas
1316 3703 1422 3768 impulit

315 3769 360 3838 ¹gie
372 3770 498 3821 describit
510 3773 601 3838 virgil.
612 3774 669 3824 AEn.
680 3788 720 3825 ιι.
732 3780 789 3828 tiit.
889 3769 975 3828 audax
998 3777 1036 3826 Ut
1056 3793 1145 3827 verses
1162 3777 1294 3828 facerem!
1327 3779 1419 3844 ltaque

351 3851 382 3896 1⁷
404 3849 471 3910 Ergo
490 3849 621 3911 obligatum
638 3853 709 3900 redde
727 3853 786 3900 Jour'
806 3855 849 3902 du·
889 3851 1045 3902 Moecenatis
1069 3854 1177 3916 primum
1199 3853 1311 3903 animum
1331 3853 1420 3903 deme·

314 3921 379 3986 μω]
395 3923 449 3971 Pro
466 3923 642 3976 incolumitate
659 3928 709 3976 ista
727 3934 772 3976 tua
787 3935 849 3992 post
888 3927 951 3985 ruit,
966 3942 1066 3992 perque
1086 3929 1154 3978 bunc
1176 3928 1288 3994 Augusti
1312 3931 1418 3993 placare

318 3998 506 4050 totlaboreset
517 4000 847 4066 pericula,eVare‚grater
888 4003 953 4052 iram
973 4011 1179 4064 aggressusest:
1196 4015 1224 4055 et
1241 4004 1310 4071 quod
1325 4007 1418 4057 scribit

317 4075 374 4126 Diis
386 4074 513 4138 persolve,
522 4072 671 4128 suessorum
682 4080 743 4130 Juvi
753 4079 847 4131 Serva.
888 4079 922 4128 ad
938 4079 1047 4128 Pisones
1064 4095 1102 4130 vs.
1120 4085 1179 4130 tol.
1200 4095 1346 4146 quanqnem
1366 4083 1417 4132 alio

316 4151 377 4212 tori,
390 4151 500 4214 Dapaii3
517 4149 550 4199 ds
560 4166 611 4216 quo
629 4155 667 4202 M.
681 4155 748 4204 Cato
759 4155 792 4205 de
806 4157 846 4205 lle
887 4155 922 4204 ibi
935 4156 1084 4219 proposito:
1104 4159 1207 4221 ‘gratia
1221 4173 1312 4222 regum
1323 4158 1417 4208 Pieriis

318 4225 392 4278 linet.
411 4231 534 4294 esp-int.
553 4227 691 4291 Obligatus
705 4232 795 4294 duperrq
806 4245 846 4284 aa·
886 4237 989 4294 tentata
999 4234 1095 4284 modis:
1108 4235 1234 4300 ludusque
1243 4235 1416 4301 repertuqidt
