3175 4900
534 389 741 441 cnuuinun
766 394 839 442 ern.
862 396 888 445 1.
910 380 967 445 24.

377 528 527 593 Tandem
543 530 659 596 desine
674 528 814 600 matrem

422 630 643 715 'tempestivo
658 638 756 718 sequi
772 638 853 701 viro.
888 673 890 676 v

205 797 248 842 ast
258 794 292 843 leo
303 808 316 843 e
328 768 441 849 Galata.
459 797 526 859 Ergo
536 798 691 848 eiro‘mutaru
700 800 782 849 uerius
794 800 921 865 aliquam
929 802 1044 865 genitrici
1054 806 1177 858 isiarsrs·

211 1020 330 1073 Getalsss
347 1022 396 1073 Gr.
408 1028 448 1074 est
460 1024 662 1075 Γαιτοῦλοι-12
677 1024 750 1075 Unus
762 1026 916 1076 Barsmenni
927 1035 955 1078 et
964 1029 1043 1078 Deos.
1055 1034 1080 1079 2.
1089 1027 1142 1078 air'o
1151 1033 1225 1095 sequi.

699 1150 811 1203 Nom

206 1247 278 1297 cirea
288 1246 345 1297 base
362 1248 468 1311 opinio,’
482 1252 531 1297 &e
564 1250 676 1300 Gaetulia
694 1250 735 1299 Li·
778 1251 908 1301 anemine
919 1252 1062 1316 ignoratur.

205 1323 404 1385 byainterluris
416 1324 736 1389 regiqnoaielriteoulge·
786 1330 789 1335 '
810 1329 933 1393 Frangere
946 1330 1086 1395 pussqsor]
1106 1332 1213 1383 Plurasis
1233 1332 1307 1386 Gra·

205 1399 255 1463 riri,
266 1412 384 1465 maguam
395 1400 490 1451 babere
503 1400 616 1453 serarum
632 1405 735 1469 copiam
775 1420 815 1457 ea.

622 1601 720 1669 ODE
754 1604 903 1669 XXIV.

611 1752 663 1799 nu
689 1753 910 1803 vinoruruu.

206 1870 290 1921 Erunt
301 1869 412 1920 Horatio
422 1876 450 1919 et
461 1866 572 1933 Virgilio
582 1868 633 1920 duo
651 1884 770 1935 corpora,
785 1884 837 1920 nna
853 1870 948 1932 anima,
963 1883 1028 1919 unus
1042 1869 1161 1936 idemque
1172 1870 1260 1936 dolor3
1276 1880 1307 1925 ut

240 1952 281 2001 vel
293 1965 324 2001 ea
335 1951 384 2001 bac
396 1961 475 2001 aurea
489 1943 646 2012 Thrasiudia,
657 1966 708 2016 qua
720 1951 841 2003 erintilii
852 1950 915 1999 Vari
926 1952 1117 2015 Cremonensis,
1127 1952 1230 2015 Virgilii
1246 1967 1307 2016 cogi

238 2032 293 2081 nati
303 2038 382 2096 atque
394 2030 499 2092 sodalis,
508 2030 607 2080 obitum
619 2030 803 2081 miserabiliter
813 2029 903 2093 deflet,
912 2027 1122 2079 manifestissime
1134 2038 1215 2093 patet.
1240 2031 1307 2081 Cun-

238 2111 330 2163 solatio
342 2118 383 2161 eet
395 2109 575 2173 attingerem
587 2112 695 2173 scripta.
779 2148 783 2158 r

338 2206 438 2285 Qurs
451 2206 613 2271 desiderio
626 2209 672 2272 sit
687 2208 798 2292 pudor
812 2212 870 2271 aut
884 2206 1006 2272 modus

337 2308 423 2372 Tam
437 2308 507 2391 cari
523 2308 674 2392 capitie‘l
720 2308 877 2391 Praecipe
893 2308 1047 2390 lugubres

244 2479 305 2536 Qaoe
319 2479 354 2530 sit
369 2482 519 2548 vererundia,
530 2485 568 2533 uel
576 2483 639 2550 fiais
650 2487 734 2550 debu,
751 2485 779 2536 ob
788 2485 912 2548 lauram
923 2487 971 2536 uiri
980 2490 1038 2538 adeo
1048 2487 1144 2536 libati?
1176 2487 1241 2538 nm
1251 2501 1307 2552 qus*

240 2687 307 2740 Hae
319 2689 378 2740 Ode
389 2699 430 2742 eat
441 2691 542 2742 decima
554 2692 644 2758 quinta
657 2692 727 2742 Libri
740 2695 813 2744 tertii
830 2695 858 2744 ln
877 2694 928 2745 Ed.
941 2695 1079 2750 Sauadoni.
1112 2694 1269 2746 Inseribitur
1279 2695 1307 2744 ln

209 2754 331 2804 Laureut.
349 2756 489 2818 Torrentii,
508 2758 615 2807 Tirenus
629 2758 654 2806 lu
670 2758 828 2813 Qaiactitiasr
844 2775 860 2806 a
883 2760 988 2822 Virgilio
1005 2765 1127 2817 «Μίνως
1144 2761 1253 2809 Loeber.
1266 2759 1307 2806 Aoi

211 2817 378 2880 Virgilianae
387 2821 620 2880 morisennensium
638 2822 746 2872 blentel.
762 2823 840 2872 Venas
849 2822 875 2870 is
888 2823 1045 2877 Quinctilium
1055 2831 1179 2872 mortuam.
1208 2823 1307 2871 Forsan

213 2881 292 2931 Venas
306 2889 346 2932 ert
357 2883 445 2947 lapsus
457 2885 554 2935 librarii
567 2900 615 2948 pro
625 2886 721 2946 Naeuia,
732 2901 783 2934 non
797 2894 844 2949 pro
854 2882 970 2951 Tiresias,
986 2897 1015 2936 ut
1028 2895 1103 2950 putat
1113 2888 1231 2939 lani—l
1245 2887 1308 2942 Qar's

208 2946 333 2996 desideriis
345 2945 399 2997 Ait.
413 2951 487 2997 e.-2
503 2949 611 2998 ‘Desine
622 2963 671 3012 pro
683 2950 791 3012 Praeeipe
806 2950 921 3013 qnidam,
932 2956 1001 3000 testa
1013 2952 1110 3000 Daeer.
1128 2952 1190 3000 satir
1206 2951 1306 3013 inepte.

209 3011 317 3072 lagabria
329 3011 498 3076 antiquissimi
510 3012 585 3062 eodul.
598 3013 666 3063 unde
675 3014 749 3062 multi
760 3014 917 3065 recentiores
928 3015 992 3065 ilisa.
1002 3023 1030 3065 et
1039 3015 1101 3064 edd.
1110 3013 1229 3065 fecerunt
1239 3016 1308 3076 iuges

702 3139 809 3190 Nom

240 3235 356 3285 Matrem
367 3237 436 3287 lileru
448 3238 517 3302 quod
527 3252 605 3302 snpra
617 3236 675 3288 Ode
684 3249 723 3288 vt.
811 3241 824 3286 l
839 3237 899 3293 Quis
905 3237 1153 3302 maledomim,
1161 3237 1216 3302 bu]
1224 3238 1308 3289 Quem

241 3311 307 3361 Suas
319 3311 443 3362 Horatius
459 3311 579 3379 querelas
594 3314 683 3378 jungit
702 3313 737 3362 le·
778 3311 869 3363 dolere
887 3314 995 3377 pudeat,
1023 3314 1081 3379 quis
1103 3313 1185 3364 luctui
1203 3312 1308 3362 modum

209 3388 304 3450 erynnis
322 3395 350 3438 et
367 3389 533 3455 querimoniis
544 3389 646 3453 Virgilii
659 3389 737 3438 dilee-
778 3396 854 3453 putet
865 3389 1050 3451 adhibendum,
1069 3389 1162 3439 amisso
1178 3395 1231 3440 tam
1249 3402 1309 3438 earo

208 3469 264 3512 tum
275 3469 355 3529 caput
367 3470 449 3515 morte
461 3464 590 3515 sublatum
602 3462 734 3525 deflentis3
778 3466 884 3530 eapite?
914 3467 1014 3517 Seneca
1035 3473 1123 3516 umen
1145 3465 1231 3530 Epist.
1251 3468 1308 3514 lfflt

208 3538 312 3602 ejusque
339 3538 453 3588 dolorem
480 3537 574 3589 dlvidit
599 3537 737 3588 artificiose
777 3542 816 3593 sie
828 3542 1052 3608 praecipite-‘Est
1062 3542 1152 3606 aliquis
1163 3548 1191 3591 et
1202 3540 1308 3592 dolendi

208 3613 322 3677 quidem.
338 3621 367 3664 ut
386 3615 608 3680 imminuattitqne
621 3614 737 3664 console·
778 3607 873 3668 debon:
891 3619 933 3669 hle
952 3617 1068 3683 sapienti
1087 3616 1230 3666 servandus
1248 3623 1307 3666 est:

209 3697 260 3739 tur.
293 3691 358 3740 Vult
385 3691 505 3755 Sigonius
532 3691 736 3755 prosopopaeiam
778 3704 807 3746 et
821 3698 1036 3761 quemadmodum
1056 3699 1082 3747 in
1100 3697 1196 3747 ceteris
1212 3695 1308 3755 rebus3

209 3777 267 3813 esse
284 3771 312 3814 at
329 3765 457 3829 dialogum
470 3766 573 3829 Virgilii
590 3773 617 3814 et
635 3765 738 3829 Melpo·
778 3771 816 3820 ira
824 3780 851 3820 et
861 3774 886 3821 in
898 3771 1020 3835 lacrymis
1029 3771 1126 3834 aliquid
1138 3777 1233 3820 ratest.
1255 3768 1308 3817 Im·

208 3855 306 3907 menes,
324 3858 387 3909 qnos
400 3846 524 3895 Horatius
535 3844 647 3896 inducit:
666 3845 737 3893 illnm
779 3847 947 3911 prudentium
972 3855 1001 3896 ut
1023 3847 1127 3909 gaudia,
1146 3847 1185 3894 sie
1206 3843 1307 3893 dolores

207 3934 224 3968 a
248 3919 324 3969 Musa
346 3923 480 3972 consilium
499 3935 626 3985 opemque
648 3920 739 3984 implu-
779 3922 952 3974 eauntlavere.
975 3923 1057 3987 AEquo
1068 3923 1151 3970 auimo
1159 3920 1252 3982 excipe
1264 3933 1308 3968 ne-

208 4001 319 4058 nantem,
338 3996 438 4046 duabus
459 3998 572 4061 strophis
592 3994 737 4060 prioribus:
780 3998 909 4048 eesmria!

208 4071 276 4120 bane
288 4073 486 4134 respondentem
499 4073 622 4136 deinceps
635 4079 662 4121 et
678 4076 755 4121 con-¹
811 4073 905 4122 acm
925 4072 1024 4136 rapitis]
1049 4073 1112 4121 Eam
1135 4069 1239 4120 (licendi
1256 4068 1309 4119 lor·
1359 4070 1361 4074 ’

211 4147 350 4207 solantem,
368 4148 400 4197 ab
421 4148 460 4197 liis
480 4148 576 4208 verbis,
594 4145 680 4197 Mattio
697 4147 739 4197 ille
779 4163 846 4198 mam
870 4147 972 4198 Grecis
999 4149 1166 4210 Homeruqne
1191 4146 1308 4209 inprimis

211 4221 286 4285 ionis,
297 4224 337 4284 ipe.
353 4221 440 4287 Sigon.
453 4222 590 4274 Emendat.
602 4222 645 4272 lib.
658 4237 690 4272 ιι.
780 4229 891 4272 amntem
904 4229 980 4272 notet
998 4222 1117 4273 Eustatlr.
1150 4220 1194 4270 Sic
1212 4221 1311 4285 Odysso
