3175 4900
422 622 485 717 Q·
539 622 889 714 HORATII
939 622 1232 715 FLACCI

557 901 1067 1011 CARMINUM

685 1223 851 1297 LIBER
887 1221 963 1295 ΙΙΙ.

739 1700 848 1766 ODE
884 1701 915 1765 I.

277 1880 414 1942 Horstins,
423 1878 517 1931 Stoiors
529 1878 695 1944 pbilosopirirs
709 1878 789 1928 sserts
801 1877 928 1939 initietur,
945 1877 1058 1927 humens
1067 1876 1175 1942 negotis
1192 1884 1272 1943 ntqne
1288 1876 1375 1927 studia

308 1960 418 2011 ludibrio
429 1961 518 2022 babet,
526 1967 554 2009 et
566 1966 595 2009 ut
603 1960 671 2023 voigi
683 1959 851 2009 deliramento
859 1958 958 2022 ingenti
970 1958 1056 2006 nnimo
1066 1958 1175 2022 spernit,
1181 1973 1263 2021 porro
1275 1971 1334 2007 rore
1346 1962 1375 2005 et

309 2042 522 2091 continentiores
533 2041 633 2090 bertot.
666 2040 793 2105 (Priorem
805 2040 881 2103 bojtrs
893 2040 1021 2089 Carminis
1032 2039 1156 2103 stropben
1170 2040 1303 2103 prologum
1312 2039 1376 2087 Csr·

310 2122 406 2170 minnrn
417 2121 582 2171 Soeonisrinnr
594 2119 657 2170 tecit
672 2119 835 2183 Snnodonns,
850 2120 980 2182 ingeniose
998 2120 1091 2183 magis,
1102 2134 1178 2183 quem
1194 2118 1375 2183 probabiliter.

310 2199 358 2248 Est
368 2199 425 2248 baee
436 2200 523 2263 potius
539 2197 660 2263 praefstio
678 2198 737 2247 libri
756 2198 829 2248 tertii
848 2199 978 2248 constanti
994 2206 1075 2248 aetsts
1091 2198 1184 2262 scripti
1201 2200 1233 2248 ab
1253 2195 1375 2258 Horatio,

310 2282 383 2345 oujos
391 2294 441 2331 non
454 2279 529 2330 modo
541 2280 623 2343 prims
633 2280 755 2330 Cerminn
764 2286 825 2327 sont
837 2292 927 2328 severs
938 2286 966 2329 et
976 2278 1111 2343 religionis
1121 2279 1207 2342 plens,
1218 2278 1264 2327 sed
1275 2277 1376 2339 reliquo

310 2361 389 2409 etism
408 2360 470 2409 nihii
480 2359 587 2421 hebent,
606 2358 674 2423 qood
685 2372 737 2408 noo
755 2359 896 2421 virginibus
915 2360 1053 2423 puerisque
1070 2358 1244 2408 commendari
1262 2356 1374 2405 debent:

310 2440 362 2504 ipsi
373 2446 459 2489 sotem
472 2439 561 2503 prinrae
575 2438 642 2490 Odon
653 2438 696 2488 vel
713 2438 824 2488 maxime
841 2437 890 2488 boe
909 2437 1043 2488 exordium
1060 2436 1199 2488 convenit:
1218 2435 1285 2499 qnod
1303 2433 1376 2496 dicit,

310 2526 378 2568 ‘non
387 2519 458 2582 prins
469 2518 575 2581 ouditn,’
587 2527 666 2582 negot
677 2526 767 2568 extare
780 2518 874 2568 Latios
885 2518 1007 2568 Carmine
1017 2519 1099 2582 lyrico
1113 2519 1171 2581 ejns
1181 2517 1335 2581 argumenti,
1346 2519 1376 2564 ot

311 2614 350 2649 rr.
360 2598 413 2648 Od.
423 2603 448 2650 o.
459 2603 484 2648 ἢ.
498 2597 586 2663 Gerr.)
617 2599 690 2664 (Non
701 2598 848 2648 bominibus
859 2599 989 2662 corruptis
1000 2604 1028 2648 et
1038 2598 1249 2661 rerrssnpiontin
1261 2597 1375 2659 experti·

311 2677 452 2728 bosseribo
470 2679 598 2740 Carmine,
608 2677 653 2728 sed
666 2678 752 2740 pneris
769 2683 797 2726 et
814 2677 907 2740 pusilis
918 2679 1005 2727 costis.
1039 2677 1125 2742 Reges
1136 2684 1255 2742 potentes
1269 2677 1376 2740 imperio

311 2757 384 2809 Joris
394 2757 567 2821 potentissimi
582 2763 643 2806 sont
664 2755 793 2819 subjecti:
810 2756 955 2806 bominibus
975 2757 1031 2820 egri
1050 2755 1374 2819 amptitudine,oobiiitste

311 2837 424 2901 generis,
433 2837 558 2900 moribus,
570 2837 662 2901 glorie,
673 2843 700 2887 et
711 2838 795 2900 grstln
806 2837 875 2886 inter
885 2851 912 2886 se
924 2837 1132 2901 discrepantibus
1143 2835 1234 2886 endem
1246 2833 1375 2885 moriendi

311 2916 453 2967 necessitas
463 2925 512 2968 est.
544 2919 617 2980 Ergo
627 2917 671 2981 qni
682 2915 773 2965 mortis
784 2922 855 2964 meto
873 2921 997 2980 terretur,
1008 2931 1067 2966 eom
1075 2931 1123 2966 neo
1134 2916 1215 2980 depes
1225 2914 1374 2965 lautissime

310 3012 359 3047 neo
371 2999 426 3046 soni
438 2998 547 3048 musices
560 2997 725 3062 trrnquiliom
737 2996 861 3046 reddunt.
894 2996 944 3047 liis
955 2998 1032 3048 enimi
1047 2999 1219 3062 tranquillitos
1231 3011 1288 3055 non,
1298 2996 1375 3045 obest

311 3078 345 3127 sb
355 3077 498 3128 bominibus
514 3078 600 3128 tenuis
610 3078 687 3128 sortis
698 3085 727 3128 et
743 3078 804 3130 vitre
816 3078 928 3127 rostiore·
960 3077 1013 3131 Qut
1027 3077 1095 3128 enirn
1108 3079 1197 3142 porrois
1214 3084 1255 3127 est
1269 3083 1375 3126 eonten-

310 3164 361 3220 tus,
375 3159 396 3206 is
406 3171 455 3208 nee
466 3159 541 3208 timot
551 3159 630 3207 meris
638 3163 831 3222 tempestatem,
841 3173 889 3208 neo
900 3159 1062 3221 grandinem,
1073 3173 1123 3209 neo
1132 3159 1188 3222 egri
1199 3157 1373 3208 steriiitntenn.

309 3236 385 3286 vtttae
394 3237 527 3301 nrsgoifics
538 3244 680 3287 exstruetre
688 3252 739 3288 noo
749 3237 882 3288 liberanto
890 3239 979 3288 mortis
987 3246 1068 3297 meto,
1078 3239 1121 3304 qni
1133 3251 1236 3302 semper
1243 3243 1271 3288 et
1279 3237 1374 3300 obiqoe

312 3316 424 3366 animum
442 3317 612 3380 impotentem
623 3323 708 3381 urget.
743 3316 820 3369 Quod
838 3318 860 3367 si
877 3332 925 3368 oen
938 3317 1050 3368 redibois
1066 3318 1214 3383 megnifios,
1226 3333 1276 3368 neo
1286 3325 1374 3368 vester

312 3409 459 3459 purpureis,
470 3409 520 3446 neo
539 3395 599 3445 vino
615 3395 724 3459 optirnn,
735 3409 784 3446 neo
799 3405 932 3461 unguento
948 3398 1056 3448 Penios
1073 3399 1162 3449 morbo
1177 3398 1256 3448 enimi
1270 3397 1374 3448 medon·

313 3481 365 3538 tur,
382 3489 430 3540 ego
442 3490 498 3526 meo
511 3477 595 3540 spello
604 3476 629 3524 in
638 3475 737 3526 Sebinis
746 3483 884 3527 contentos
894 3477 998 3527 divitias
1006 3493 1056 3528 ooo
1066 3481 1195 3530 seetebor.
1212 3477 1303 3542 ΖΜ.)

449 3591 522 3654 Οοι
537 3591 712 3672 profanum
727 3592 857 3673 vulgus,
871 3595 905 3655 et
919 3610 1034 3657 orceo:

310 3737 450 3804 Impositum
460 3739 546 3801 ostgro
554 3751 649 3788 onem
659 3741 729 3801 otqss
739 3751 841 3788 mmo.
861 3738 1087 3790 obsecutorem:
1106 3740 1233 3789 Mosam
1242 3753 1286 3802 ego
1296 3740 1374 3788 mis·

736 3880 917 3904 OOOffNOONJO

310 3966 430 4018 Qnstoor
441 3962 516 4027 primi
530 3976 616 4013 versos
624 3963 698 4014 ones
707 3963 783 4028 bojon
792 3965 904 4028 primum
914 3973 1013 4029 portent
1021 3964 1147 4014 Gsrnriois
1158 3962 1306 4026 Secutum,
1318 3962 1374 4012 sire

280 4027 353 4078 0des
366 4030 493 4091 vigesimus
506 4027 577 4078 Libri
588 4029 684 4091 quarti,
695 4029 858 4079 constituunt
869 4031 895 4078 irr
908 4029 957 4078 En.
968 4029 1062 4078 Ssnsri.
1096 4028 1164 4077 Vide
1174 4028 1282 4091 Argum.
1309 4027 1374 4088 Epi-

278 4093 375 4155 prspire
388 4092 810 4143 inAsoens.1oober.etVenett.
828 4093 868 4142 De
884 4092 1004 4142 bominem
1018 4093 1094 4141 soriis
1109 4093 1183 4154 coris,
1197 4093 1308 4154 serioque
1317 4089 1373 4150 sor·

279 4161 345 4220 torn,
354 4162 377 4206 et
388 4172 456 4220 optio
466 4161 540 4207 morte
547 4172 558 4217 ,·
575 4157 600 4206 in
613 4156 679 4217 eliis,
689 4158 731 4208 Ad
741 4157 848 4207 indoctos
855 4173 865 4216 ,·
882 4157 955 4222 item,
966 4157 1007 4206 Ari
1016 4157 1112 4207 eborum
1121 4156 1241 4219 oirgtsrrrn
1250 4161 1274 4204 et
1289 4168 1373 4218 prero-
