3175 4900
546 405 596 454 AD
619 405 827 456 circuituum
853 405 926 455 LIB.
949 409 974 454 1.

571 641 831 710 EXGURSUS'
868 645 936 710 111.

668 805 720 855 nu
737 805 797 856 ou.
814 809 847 856 x.

613 967 661 1014 DE
685 967 897 1016 MERCURIO.

208 1115 273 1164 Nou
289 1120 331 1164 ert
346 1114 453 1170 odimur,
467 1126 500 1162 ue
511 1113 568 1177 quia
578 1120 659 1175 erret,
669 1125 791 1162 enarrare
807 1113 857 1162 lruc
877 1116 933 1164 loco
950 1129 1050 1166 emnem
1068 1118 1100 1167 de
1112 1117 1244 1169 Mercurio
1263 1120 1302 1169 ie·

206 1193 309 1254 bulem3
326 1204 383 1241 nam
395 1207 427 1241 ee
437 1193 494 1254 ipre
506 1193 598 1255 partim
610 1193 671 1241 aetia
682 1199 724 1241 eet
734 1199 805 1251 note,
815 1193 912 1254 portlm
924 1197 978 1256 pell
992 1197 1096 1246 elinnde
1108 1206 1201 1262 potent.
1235 1201 1303 1250 Con-

142 1266 147 1274 '
206 1273 326 1321 aliturum
337 1273 422 1334 potine
432 1280 482 1333 eet,
492 1284 571 1335 ruper
580 1272 712 1320 Mercurio
724 1271 904 1334 plriluroplrarl,
916 1273 937 1321 el
947 1275 1050 1338 quidem
1062 1279 1099 1326 nti
1111 1286 1162 1328 tem
1173 1281 1304 1343 arrogeuti

206 1351 333 1402 uocabulo
343 1353 416 1414 licet,
426 1353 444 1400 i.
455 1365 480 1401 e.
493 1351 561 1402 uude
573 1351 659 1401 ductae
671 1352 732 1413 rlut,
750 1365 814 1416 quar
827 1351 860 1400 de
871 1365 902 1402 eo
913 1356 1093 1419 concepissent
1105 1366 1214 1419 reterre,
1224 1360 1302 1420 idere,

205 1431 339 1494 antpieeri,
350 1439 437 1497 atquc,
447 1431 517 1481 nudo
529 1434 564 1481 illi
577 1438 617 1483 tot
633 1445 739 1482 munera
749 1433 811 1491 rint,
822 1443 853 1482 ut
866 1435 978 1483 omnium
991 1435 1103 1487 Deorum
1123 1440 1235 1489 menime
1250 1440 1304 1498 dia·

208 1517 306 1562 tracter
317 1512 352 1560 rit
366 1513 515 1562 ruinirteriie
525 1511 589 1578 (rid.
602 1512 708 1562 iaueleu.
720 1513 788 1561 Diei.
805 1513 885 1562 Deor.
897 1514 998 1578 nuru),
1011 1515 1175 1581 investigare.
1210 1519 1302 1584 Neque

205 1591 336 1650 rermnul
352 1593 385 1641 de
396 1592 493 1641 Graeco
510 1600 538 1641 et
554 1593 669 1641 Romano
686 1591 827 1654 Mercurio,
837 1593 981 1656 loquemur,
992 1595 1073 1644 miecio
1090 1609 1168 1658 cuper
1180 1597 1300 1661 AEgyptin

205 1670 295 1719 lilibus
306 1675 335 1720 et
345 1671 506 1734 opinioulbm
524 1671 702 1732 eruditornm3
718 1673 786 1736 quod
806 1672 883 1721 ictum
902 1674 1028 1736 inprimit,
1040 1689 1098 1723 curn
1115 1674 1191 1738 hujur
1204 1677 1302 1727 carmi·

207 1750 257 1809 ule,
268 1759 322 1800 tum
334 1752 441 1800 eliorum
452 1752 478 1800 in
492 1751 582 1801 Podtlo
600 1752 712 1802 Graecia
723 1760 752 1802 ct
773 1752 842 1801 letti
854 1754 967 1802 lucorum
978 1767 1065 1816 cunm,
1075 1767 1151 1805 nuere
1163 1757 1303 1808 debemuar

207 1843 362 1895 quenquern,
374 1832 445 1880 utlit
463 1831 490 1879 lu
506 1831 678 1895 Mytnolopie‚
695 1832 823 1882 attribute
840 1834 950 1896 plurima
968 1833 1094 1897 AEgyptli,
1112 1835 1167 1884 rire
1185 1837 1207 1885 la
1224 1835 1303 1886 fuerit

206 1910 301 1973 motu,
312 1911 367 1959 cire
380 1910 489 1972 neuun,
499 1911 604 1960 Gracia
614 1919 642 1961 el
653 1913 736 1962 licum
746 1913 873 1962 derivarit
884 1914 910 1961 in
922 1927 1005 1962 enum.

240 1988 395 2043 Mercurius,
405 1989 528 2038 eximium
542 1990 654 2054 antique
673 1991 814 2053 Sapientior
831 1990 1016 2053 mythologice
1033 1992 1189 2054 exemplum,
1200 1994 1303 2056 cymbo-

207 2070 261 2118 lum
272 2068 339 2117 hand
350 2068 429 2117 dubie
438 2067 489 2116 fnit
498 2069 543 2116 rei
557 2067 678 2130 Amic.
689 2083 713 2119 e.
723 2075 752 2118 et
765 2069 877 2118 &tionis
887 2070 1039 2133 mendaque.
1048 2072 1105 2133 (roi
1115 2069 1189 2134 νόου),
1197 2081 1233 2133 et,
1244 2087 1305 2137 qnae

207 2149 263 2197 eine
281 2154 440 2197 meuteerec
462 2159 513 2195 non
534 2154 629 2210 potent,
643 2148 769 2197 &cilonio
776 2164 786 2205 ,-
802 2159 830 2196 et
849 2150 888 2197 ric
905 2161 993 2202 eorum
1006 2151 1117 2212 omniuo,
1128 2151 1219 2214 quibua
1239 2165 1305 2215 prcu-

207 2233 279 2276 uraut
290 2226 371 2276 brntlr
382 2226 557 2275 eninroutibue
568 2227 690 2276 nominet.
725 2227 765 2276 Ex
776 2227 825 2277 lrac
837 2227 905 2289 ideo,
918 2235 946 2276 ut
956 2227 1012 2276 fierl
1024 2229 1098 2290 iulet,
1108 2231 1191 2279 omniu
1200 2231 1304 2280 Mercu·

208 2309 241 2357 rii
252 2307 390 2369 ettrihute,
399 2320 476 2355 uuum
488 2319 521 2355 ex
533 2307 626 2369 altero,
637 2306 775 2356 linxerunt.
808 2308 875 2357 Nem
887 2308 1004 2371 primurn,
1015 2321 1073 2357 cum
1085 2309 1222 2360 crederent
1234 2319 1303 2360 rete·

208 2401 259 2450 rer,
269 2393 381 2436 mentem
399 2387 532 2436 humanum
544 2399 601 2436 eree
613 2401 645 2436 en
657 2389 743 2436 anima
753 2403 774 2436 ι.
788 2401 864 2436 renen
877 2389 963 2438 muudl
974 2389 1124 2453 decerptum
1140 2391 1303 2455 particulam,

208 2474 237 2517 et
248 2468 286 2518 rie
297 2475 428 2517 exuetere
437 2467 525 2516 divine
534 2469 605 2517 reiut
613 2467 822 2533 emeuaere(rid.
835 2468 875 2517 lll.
886 2468 972 2531 Heyu.
982 2468 1047 2519 nae.
1056 2482 1121 2519 xrrr.
1131 2471 1162 2519 nd
1172 2470 1228 2519 AEu.
1239 2471 1304 2534 ur.);

208 2560 268 2597 cum
286 2548 469 2611 intelligerent,
480 2556 604 2611 quantum
621 2562 748 2612 quumque
767 2549 898 2598 excelsum
918 2547 1235 2609 erretnbyorbeueficium
1254 2550 1304 2599 eibi

210 2642 227 2677 ι
243 2628 302 2679 Dile
319 2628 505 2678 immortulibna
523 2627 660 2689 tributum,
670 2629 744 2691 cujur
761 2642 811 2690 ope
828 2627 899 2678 docti
916 2636 1003 2677 urent
1017 2636 1046 2677 et
1060 2628 1207 2692 cupienter,
1225 2630 1303 2679 Arree

209 2722 241 2757 ec
250 2708 376 2758 Seieutiea
387 2709 550 2772 inducerent,
562 2706 773 2772 prolandieoiuruu
781 2721 823 2756 rer
834 2707 1030 2770 investigarent,
1042 2708 1202 2770 Religionem
1215 2711 1303 2758 uolun-

209 2794 342 2851 tetenrque
354 2791 468 2838 Deorum
483 2794 679 2849 cognoscerent,
689 2799 747 2834 cam
767 2786 825 2847 ipro
836 2785 902 2834 coelo
914 2787 1094 2835 commercium
1105 2788 1241 2850 nuberent,
1251 2803 1303 2838 me·

208 2868 297 2917 liorem
309 2875 337 2917 et
348 2869 520 2916 humaniorem
532 2866 628 2914 cultum
638 2866 734 2912 neurim
745 2862 892 2926 acciperent
904 2880 911 2923 ;
928 2864 1006 2914 facile
1017 2864 1114 2915 fertum
1127 2876 1177 2930 ert,
1188 2878 1216 2917 ut
1234 2872 1304 2919 Mer-

209 2948 295 2997 curius
307 2950 315 2975 ‘
328 2950 442 2996 Deorum
455 2944 561 2995 Nuntii'
572 2950 599 2992 et
609 2942 683 3006 quari
692 2942 792 3001 perluor
802 2944 870 2992 inter
881 2944 972 2992 cceluru
985 2952 1133 3010 terramque
1144 2960 1250 2997 munere
1262 2965 1304 2999 or·

209 3034 363 3083 ueretar.ut
380 3026 529 3087 religionem
546 3031 574 3071 et
590 3020 718 3071 eccrillcie
733 3023 898 3072 conutituirre
917 3023 1046 3073 diceretur
1061 3026 1126 3090 (rid.
1141 3026 1224 3076 0lael.
1240 3029 1303 3079 Teb.

209 3116 294 3156 mr.
304 3120 331 3155 a.
344 3110 385 3153 lu.
397 3103 459 3166 η),
471 3103 599 3164 reperiere
615 3101 695 3151 Artes
706 3108 735 3149 ct
751 3102 881 3151 scientim
896 3103 1025 3164 plurimae,
1043 3104 1181 3169 liutherin,
1192 3106 1304 3157 Geome-

209 3188 295 3247 erlem,
305 3184 496 3234 Aotrouornium
505 3182 570 3245 (rid.
581 3181 658 3231 Diod.
669 3180 721 3230 Sic.
734 3180 777 3230 tin.
785 3192 806 3228 ι.
817 3192 842 3242 p.
853 3185 893 3229 ll.
904 3180 967 3242 lm),
982 3182 1050 3230 omni
1066 3181 1178 3247 deniqne
1190 3186 1303 3234 humani·

209 3266 273 3316 tallr
284 3265 421 3327 elegantia·
441 3274 554 3325 precere
564 3262 727 3323 crederetur,
737 3268 764 3310 et
775 3261 809 3309 ob
824 3258 850 3309 id
862 3260 946 3323 lpruru
959 3260 1064 3323 pulchre
1074 3261 1131 3311 fere
1147 3278 1178 3313 uc
1191 3264 1304 3327 juvenili

209 3346 294 3395 forme
314 3346 340 3393 ic
354 3342 526 3391 monumentis
545 3348 626 3391 eruet.
660 3338 845 3390 Memoraudur
860 3340 886 3389 lr.
902 3342 919 3391 1.
930 3340 1046 3404 lnprimle
1065 3344 1143 3392 erlern
1159 3345 1231 3403 lupuo
1241 3345 1304 3394 Am·

209 3427 287 3476 rulau.
299 3424 418 3475 Marcell.
430 3434 489 3472 xvc.
507 3425 546 3470 ltl.
568 3422 576 3449 ‘
592 3421 714 3472 Julianus
774 3421 877 3470 occulte
889 3420 1023 3471 Mercurio
1039 3423 1202 3485 ruppllcalret
1212 3424 1302 3490 (quern

209 3506 298 3556 mundi
310 3504 465 3555 velociorem
482 3514 585 3551 accrum
601 3514 669 3563 cere,
685 3508 782 3551 motum
802 3502 927 3551 ruentium
943 3501 1120 3565 crocitantem,
1137 3504 1302 3568 ‘l'aeologicre

209 3586 349 3651 prodidere
358 3581 518 3646 Doctriuae);
530 3610 569 3631 ...
581 3589 707 3645 porique·
716 3580 835 3631 utardne
845 3580 951 3631 etruria
959 3582 1107 3646 terminetu,
1116 3583 1148 3631 ad
1158 3586 1303 3647 procuden·

210 3668 271 3717 duro
281 3666 411 3729 ingenium
423 3662 588 3722 vertebatur:
596 3666 645 3711 dre.

242 3746 345 3795 Deinde
357 3745 464 3806 eurique
475 3750 503 3794 et
515 3740 651 3791 admodum
667 3740 844 3805 philoaoplricu
856 3739 996 3790 traditione
1009 3742 1130 3807 loquelae
1140 3757 1161 3792 ι.
1171 3743 1302 3792 Sermonir

212 3838 262 3890 ape
272 3826 370 3877 exculti
381 3836 412 3873 ec
422 3822 528 3872 formati
538 3821 616 3885 prirei
634 3820 749 3870 nominee
765 3820 917 3870 medentur.
949 3819 1006 3870 Cle.
1016 3820 1049 3869 do
1068 3821 1145 3870 Oret.
1157 3835 1176 3872 r.
1186 3826 1210 3871 8.
1246 3822 1303 3872 ‘Ut

213 3918 274 3955 rcro
280 3906 333 3969 jem
345 3904 434 3953 edilia
447 3917 545 3953 eumuna
557 3902 698 3963 veniamur,
707 3916 764 3966 que
777 3900 816 3949 rir
826 3900 876 3949 ulia
887 3898 998 3965 (preter
1014 3900 1206 3964 Eloquentiam)
1217 3904 1303 3962 potuit

213 3990 258 4033 eut
267 3984 396 4046 dirperroa
406 3982 520 4032 laumluer
531 3996 609 4032 uuum
621 3982 742 4031 inlocum
760 3994 927 4043 congregare,
936 3986 981 4029 ant
998 3994 1014 4027 ι
1027 3978 1083 4028 fere
1094 3982 1239 4043 agreatique
1250 3980 1304 4029 rite

214 4064 246 4111 ed
258 4065 324 4111 lanne
334 4064 474 4110 humanum
483 4064 580 4111 cultum
591 4062 744 4126 civilemque
755 4060 884 4109 deducere
892 4057 910 4105 ι’
928 4058 979 4107 rid.
988 4066 1015 4107 et
1027 4060 1120 4109 lieret.
1132 4072 1151 4109 r.
1161 4060 1214 4107 Sat.
1227 4062 1250 4105 3.
1261 4062 1302 4110 99.

215 4142 292 4193 Unde
310 4141 471 4204 intelligitur,
478 4144 544 4191 cnr‘
554 4141 679 4191 formaene
690 4149 809 4191 remutet
825 4136 958 4201 lrnmlnea,'
969 4138 1019 4187 1111ι
1037 4152 1190 4199 emmonem,
1199 4146 1235 4199 et,
1247 4139 1302 4204 qui·

215 4223 262 4276 laur
272 4222 315 4271 iric
321 4222 488 4285 exprimitur,
502 4222 591 4271 literer
600 4224 806 4286 aerlptureruque
817 4216 1036 4279 delinerentur
1046 4218 1200 4269 Mercurlna.

279 4304 367 4366 uerpt.
375 4308 399 4351 et
412 4303 470 4353 Ver.
477 4301 541 4355 Cleo.
721 4299 809 4350 Horat.
1213 4299 1238 4350 Q
